1871 3046
859 195 1216 244 AUSONIUS

281 332 333 375 in
358 328 578 392 physicis
602 332 700 376 tria
724 333 901 391 prima,
925 328 1067 386 deus,
1093 328 1331 387 mundus,
1355 328 1474 375 data
1498 327 1684 374 forma:

279 425 522 480 tergenus
542 422 888 481 omnigenum,
904 421 1121 481 genitor,
1138 422 1389 480 genetrix,
1407 426 1721 481 generatum.

351 507 446 554 Per
470 510 627 554 trinas
652 511 845 570 species
870 511 1186 569 trigonorum
1211 507 1387 569 regula
1412 511 1583 565 currit,
1730 508 1793 556 50

279 596 561 660 aequilatus
588 596 667 643 vel
693 613 835 643 crure
862 600 969 658 pari
994 596 1074 642 vel
1100 600 1152 642 in
1178 598 1410 643 omnibus
1434 600 1592 659 inpar.

278 690 369 732 tris
395 690 496 733 coit
520 690 574 732 in
599 693 768 748 partes
794 703 1034 733 numerus
1060 686 1355 749 perfectUS,l
1382 694 1440 733 ut
1464 687 1601 733 idem

278 791 531 837 congrege
556 781 637 821 ter
660 782 808 821 terno
835 792 925 838 per
949 782 1030 822 ter
1054 779 1151 822 tria
1176 775 1493 822 dissoluatur.

276 867 366 909 tris
386 867 576 925 primus
595 880 700 925 par,
719 867 880 926 impar
898 864 1054 911 habet
1072 865 1399 928 mediumque
1420 883 1429 911 ε
1457 865 1545 912 sed
1566 869 1691 928 ipse,

277 957 334 998 ut
353 955 460 1010 tris,
480 955 549 998 sic
570 955 793 1015 quinque
815 958 868 998 et
888 959 1087 1014 septem
1107 969 1323 1016 quoque,
1345 954 1526 1000 dividit
1546 971 1674 1002 unus
1687 971 1698 1011 ;
1729 955 1791 1002 55
1843 964 1857 994 ἐ

276 1047 331 1087 et
354 1057 566 1087 numero
590 1045 643 1087 in
668 1047 778 1088 toto
804 1044 996 1104 positus
1024 1042 1116 1088 sub
1141 1046 1372 1090 acumine
1399 1047 1562 1091 centri

275 1129 547 1193 distinguit
572 1130 755 1177 solidos
782 1131 939 1177 coebo
963 1138 1215 1194 pergente
1231 1131 1249 1160 2
1275 1135 1507 1190 trientes,

274 1223 569 1283 aequipares
595 1220 836 1267 dirimens
861 1226 1030 1282 partes
1056 1236 1118 1267 ex
1143 1224 1318 1283 inpare
1343 1229 1519 1268 terno:

275 1315 330 1354 et
354 1309 556 1370 paribus
581 1309 768 1371 triplex
792 1309 1035 1366 medium,
1062 1326 1175 1354 cum
1202 1316 1442 1372 quattuor
1467 1317 1521 1357 et
1545 1327 1631 1357 sex

275 1398 452 1460 bisque
479 1405 839 1461 quaternorum
865 1402 1146 1445 secernitur
1171 1399 1431 1461 omphalos
1456 1400 1606 1447 idem.
1728 1402 1790 1448 60
1848 1388 1864 1403 '¹

345 1487 428 1534 Ius
452 1487 657 1550 triplex,
681 1487 886 1534 tabulae
912 1488 1046 1551 quod
1072 1495 1153 1535 ter
1177 1505 1388 1536 sanxere
1415 1497 1691 1553 quaternae
1711 1509 1720 1538 :
1853 1472 1865 1485 ἰ

275 1595 482 1636 sacrum,
512 1582 764 1641 privatum
791 1585 844 1625 et
868 1578 1042 1641 populi
1069 1596 1335 1626 commune
1356 1580 1490 1643 quod
1511 1597 1721 1644 usquam

410 1674 501 1716 est.

328 1776 344 1801 ¹
376 1777 463 1816 For
483 1777 573 1816 this
593 1776 680 1817 and
711 1777 755 1817 ll.
783 1779 835 1817 54
856 1777 898 1817 ff.
926 1790 987 1828 cp.
1015 1777 1150 1817 Mart.
1178 1776 1372 1830 Capella,
1397 1779 1470 1818 vii.
1498 1781 1518 1826 ἓ
1541 1779 1645 1821 733;
1676 1781 1788 1820 trias
1836 1803 1839 1806 -

273 1845 378 1871 vero
411 1832 616 1884 princeps
655 1833 888 1884 imparium
930 1845 1138 1871 numerus
1177 1831 1488 1885 perfectusque
1527 1834 1781 1875 censendus.

273 1886 388 1925 Nam
423 1887 543 1938 prior
577 1887 771 1934 initium,
805 1886 998 1926 medium
1029 1887 1246 1939 finemque
1277 1888 1477 1936 sortitur,
1511 1891 1557 1928 et
1587 1893 1786 1929 centrum

273 1940 527 1980 medietatis
566 1941 622 1980 ad
661 1942 841 1980 initium
881 1940 1100 1993 finemque
1131 1942 1478 1981 interstitiorum
1515 1944 1786 1995 aequalitate

272 1996 489 2047 congruit.
552 1995 660 2034 Also
682 1995 949 2043 Macrobius,
986 1995 1144 2035 Comm.
1180 1995 1227 2035 in
1256 1996 1397 2037 Somn.
1425 1997 1541 2048 Βοιῷ.
1565 2009 1594 2038 1.
1621 1999 1678 2039 vi.
1704 2000 1784 2039 23:
1844 2015 1846 2018 ’

271 2050 415 2102 primo
453 2063 557 2103 ergo
586 2051 783 2089 ternario
815 2050 1004 2102 contigit
1040 2063 1223 2089 numero
1259 2055 1311 2090 ut
1342 2052 1459 2091 inter
1490 2051 1577 2091 duo
1617 2066 1786 2093 summa

271 2104 464 2144 medium
485 2118 571 2157 quo
593 2105 837 2144 vinciretur
857 2106 1090 2157 acciperet.
1241 2104 1258 2128 2
1285 2109 1511 2158 pereunte,
1541 2107 1586 2147 Z.

325 2214 336 2238 ¹
370 2215 438 2256 i.e.
463 2215 542 2255 the
562 2215 781 2264 Efficient,
806 2216 882 2255 the
904 2215 1128 2264 Material,
1154 2215 1241 2255 and
1262 2216 1338 2256 the
1360 2216 1535 2256 Formal
1557 2217 1709 2258 Cause.

323 2268 341 2293 ‘2
369 2270 462 2309 The
481 2270 586 2323 play
607 2284 661 2310 on
684 2271 760 2310 the
782 2274 880 2310 root
899 2283 993 2320 qen·
1016 2275 1177 2310 cannot
1207 2270 1260 2309 be
1289 2271 1563 2323 reproduced
1593 2273 1785 2313 without
1849 2259 1864 2294 7*

271 2324 430 2376 taking
451 2326 620 2364 certain
643 2324 841 2365 liberties
864 2324 982 2364 alike
1003 2325 1114 2364 with
1136 2325 1268 2364 Latin
1289 2326 1375 2365 and
1399 2326 1595 2379 English,
1840 2365 1842 2369 .

325 2378 341 2403 3
370 2379 463 2418 The
492 2379 664 2431 perfect
693 2379 878 2418 number
907 2380 943 2418 is
974 2379 1087 2418 three
1119 2382 1199 2430 (cp.
1236 2380 1370 2420 Mart,
1398 2380 1592 2433 Capella,
1615 2381 1782 2433 quoted

269 2434 316 2472 in
345 2438 449 2473 note
479 2447 534 2473 on
566 2438 679 2482 text,
713 2434 740 2473 l.
773 2435 859 2483 52),
885 2434 1028 2473 which
1060 2434 1186 2473 When
1218 2435 1471 2487 multiplied
1500 2435 1560 2487 by
1590 2436 1715 2475 three
1746 2437 1782 2476 is
1839 2471 1843 2474 .

269 2487 488 2540 perfectly
505 2488 712 2528 divisible
731 2488 790 2540 by
805 2490 829 2528 3
857 2502 881 2527 ><
908 2489 945 2528 3.
996 2488 1042 2528 It
1058 2489 1094 2527 is
1108 2488 1186 2528 the
1207 2488 1304 2528 first
1326 2495 1371 2528 to
1392 2503 1562 2541 possess
1578 2504 1604 2530 a
1620 2490 1781 2530 medial
1847 2512 1850 2517 ·

270 2543 370 2581 unit
390 2543 501 2582 with
518 2556 544 2582 a
563 2542 660 2582 first
682 2543 770 2582 and
792 2543 952 2583 second
972 2543 1072 2582 unit
1095 2545 1216 2594 (par,
1236 2543 1395 2594 impar,
1420 2544 1447 2584 1.
1466 2545 1534 2596 54)
1561 2558 1616 2584 on
1637 2545 1782 2584 either

268 2596 362 2636 side
391 2597 436 2636 of
464 2598 501 2637 it
533 2600 598 2647 (or
625 2598 830 2650 perhaps,
855 2602 902 2637 to
921 2598 1099 2637 contain
1121 2611 1177 2637 an
1199 2611 1307 2638 even
1328 2598 1526 2649 number,
1551 2600 1590 2647 2,
1617 2599 1703 2639 and
1724 2613 1780 2639 an
1842 2619 1848 2635 -.

274 2676 370 2734 364
