1871 3046
762 596 1017 654 LIBER
1068 597 1151 652 lV

734 761 1182 808 PARENTALIA

674 915 958 961 PRAEFATIO
997 929 1048 960 ΙΝ
1089 914 1248 960 PROSA

269 1027 383 1074 Solo
409 1025 666 1072 versiculis
690 1029 816 1071 meis
843 1028 1065 1083 evenire,
1086 1031 1143 1073 ut
1168 1025 1429 1072 fastidiose
1454 1025 1718 1089 legantur:

200 1120 390 1180 quippe
427 1119 496 1162 sic
533 1119 773 1162 meritum
810 1122 889 1161 est
927 1132 1112 1161 eorum.
1188 1115 1278 1162 sed
1312 1115 1557 1178 quosdam
1589 1116 1720 1163 solet

202 1205 558 1252 commendare
592 1207 805 1250 materia
832 1211 884 1250 et
908 1204 1214 1266 aliquotiens
1239 1203 1450 1250 fortasse
1475 1205 1720 1251 lectorem

202 1296 364 1343 solum
399 1295 585 1342 lemma
615 1294 854 1340 sollicitat
883 1293 1037 1351 tituli,
1065 1300 1122 1340 ut
1145 1293 1427 1340 festivitate
1453 1310 1720 1356 persuasus

204 1391 258 1432 et
281 1387 528 1446 ineptiam
553 1381 686 1428 ferre
712 1388 984 1428 contentus
1018 1385 1095 1428 sit.
1170 1381 1267 1426 hoc
1300 1381 1599 1443 opusculum
1625 1399 1720 1429 nec

203 1476 415 1520 materia
462 1488 732 1518 amoenum
775 1478 853 1518 est
893 1488 988 1517 nec
1031 1471 1374 1534 appellatione
1423 1471 1717 1517 iucundum.

204 1564 362 1610 habet
407 1569 652 1609 maestam
701 1562 1017 1624 religionem,
1067 1578 1166 1624 qua
1215 1578 1443 1607 carorum
1493 1578 1721 1608 meorum

205 1655 372 1700 obitus
411 1655 545 1699 tristi
582 1651 874 1698 adfectione
917 1667 1269 1697 commemoro.
1343 1650 1524 1697 titulus
1562 1650 1723 1697 libelli

207 1749 286 1789 est
329 1740 625 1787 Parentalia.
713 1743 953 1802 antiquae
995 1739 1351 1802 appellationis
1394 1738 1476 1785 hic
1519 1738 1627 1785 dies
1670 1746 1725 1786 et

205 1836 306 1878 iam
344 1831 463 1878 inde
502 1831 566 1876 ab
607 1831 775 1876 Numa
816 1836 1149 1892 cognatorum
1190 1828 1385 1876 inferiis
1428 1832 1723 1876 institutus:

207 1938 302 1967 nec
328 1920 604 1984 quidquam
630 1922 852 1966 sanctius
877 1918 1035 1965 habet
1059 1922 1347 1965 reverentia
1373 1922 1721 1981 superstitum,

209 2028 360 2074 quam
385 2016 445 2056 ut
467 2013 673 2056 amissos
698 2008 1058 2055 venerabiliter
1083 2007 1392 2054 recordetur.

451 2234 578 2280 ITEM
620 2234 903 2279 PRAEFATIO
942 2233 1186 2278 VERsmth
1224 2231 1501 2277 ADNoTATA

216 2382 424 2426 NoMiNA
450 2394 677 2424 carorum
702 2380 800 2422 iam
827 2375 1031 2421 condita
1056 2374 1236 2420 funere
1262 2377 1411 2432 iusto,

281 2469 400 2516 fleta
422 2471 558 2531 prius
582 2466 814 2522 lacrimis,
839 2480 974 2509 nunc
999 2463 1288 2509 memorabo
1314 2462 1491 2520 modis,

219 2653 282 2714 56
