1871 3046
780 176 1142 225 AUSONIUS

205 327 257 357 as
283 309 488 368 solidus,
513 313 748 372 quoniam
774 310 848 355 bis
875 325 961 355 sex
988 309 1052 355 de
1079 309 1306 371 partibus
1331 312 1504 371 aequis

206 398 406 439 constat
427 398 480 438 et
498 395 551 437 in
569 395 789 437 minimis
809 392 1012 453 paribus
1031 398 1204 437 tamen
1225 408 1324 436 una
1343 396 1517 437 manet
1536 393 1621 438 vis.

205 491 322 520 nam
349 477 389 520 si
415 473 536 536 quid
561 490 773 520 numero
799 478 1070 530 minuatur,
1098 489 1292 519 summa
1316 472 1518 518 vacillat

205 556 574 618 convulsaeque
601 562 757 602 ruunt
782 555 1034 602 labefacto
1062 571 1269 617 corpore
1296 561 1479 616 partes.

205 645 279 696 ut,
305 638 528 685 medium
556 641 595 684 si
621 641 730 700 quis
757 637 913 684 vellat
938 637 1002 683 de
1029 637 1221 683 fornice
1248 653 1436 693 saxum,
1660 637 1719 681 15

204 721 507 766 incumbunt
532 723 611 765 cui
637 726 837 776 cuncta,
863 718 1010 764 simul
1038 719 1233 764 devexa
1258 724 1537 780 sequentur

206 807 377 847 cetera
402 817 825 862 communemque
850 799 1060 846 trahent
1084 817 1112 845 a
1137 803 1328 846 vertice
1354 800 1579 862 lapsum3

204 899 306 928 non
331 882 479 929 aliter
505 882 632 928 libra
658 889 748 929 est.
825 885 863 928 si
891 881 1057 928 defuit
1082 885 1247 939 uncia,
1271 889 1409 928 totus

204 980 307 1009 non
333 967 429 1010 erit
454 981 505 1010 as
531 980 821 1027 nomenque
848 963 1019 1010 deunx
1045 967 1141 1009 iam
1171 981 1335 1010 cassus
1362 964 1584 1010 habebit.

204 1063 299 1093 nec
325 1046 540 1093 dextans
567 1049 759 1093 retinet
784 1063 972 1092 nomen
998 1053 1233 1093 sextante
1260 1053 1472 1104 remoto,
1660 1046 1721 1092 20

205 1135 259 1174 et
283 1128 500 1175 dodrans
526 1128 807 1191 quadrante
836 1135 973 1175 satus
999 1135 1204 1175 auctore
1231 1129 1422 1174 carebit

204 1210 529 1273 divulsusque
555 1214 714 1256 triens
739 1210 977 1272 prohibet
1003 1214 1273 1273 persistere
1301 1212 1510 1256 bessem.

204 1296 303 1338 iam
329 1297 587 1355 quincunx
612 1294 705 1339 tibi
732 1293 900 1339 nullus
927 1297 1039 1351 erit,
1066 1297 1105 1339 si
1131 1293 1386 1355 gramma1
1416 1291 1640 1340 revellas.

205 1381 259 1421 et
283 1378 432 1421 semis
459 1378 538 1421 cui
564 1378 713 1421 semis
740 1378 836 1421 erit
860 1376 1194 1437 pereuntibus
1220 1378 1339 1421 assis

204 1459 465 1520 partibus?
505 1464 558 1504 et
583 1461 722 1504 cuius
748 1458 905 1504 librae
932 1475 1044 1519 pars
1070 1461 1286 1520 septima
1313 1459 1569 1519 septunx?
1661 1458 1720 1502 25

205 1540 331 1585 libra
356 1543 526 1601 igitur,
551 1546 717 1586 totum
745 1543 784 1586 si
810 1540 949 1585 nulla
975 1544 1027 1585 in
1055 1546 1199 1602 parte
1226 1539 1443 1586 vacillet.

204 1622 441 1684 ponderis
458 1629 512 1669 et
528 1626 727 1669 numeri
743 1639 1040 1685 morumque
1059 1639 1371 1685 operumque
1391 1629 1443 1668 et
1459 1639 1700 1685 aquarum

204 1705 331 1751 libra
351 1722 360 1751 z
386 1722 481 1752 nec
502 1712 579 1752 est
599 1706 849 1763 modulus,
867 1722 1017 1769 quem
1039 1722 1141 1751 non
1162 1705 1257 1751 hoc
1277 1709 1482 1752 nomine
1503 1709 1685 1768 signes.

204 1787 418 1846 telluris,
442 1788 611 1834 medio
638 1805 766 1851 quae
793 1788 988 1850 pendet
1013 1792 1064 1833 in
1089 1805 1224 1846 aere,
1249 1788 1376 1834 libra
1403 1794 1481 1834 est
1500 1787 1518 1817 ‘2

206 1876 259 1916 et
284 1870 399 1916 solis
423 1870 676 1932 lunaeque
703 1874 804 1916 vias
831 1887 917 1917 sua
942 1870 1070 1916 libra
1095 1870 1345 1917 cohercet.
1659 1869 1722 1916 30

262 1978 278 2003 1
309 1979 469 2030 Peiper
492 1979 767 2031 (apparatus)
793 1997 801 2019 ε
833 1993 1000 2031 prama,
1035 1980 1077 2028 V,
1106 1979 1264 2029 Peiper
1288 1979 1437 2030 (text).

263 2034 278 2058 ²
309 2047 370 2084 cp.
399 2033 529 2082 Ovid,
563 2034 665 2073 Met.
705 2035 731 2073 i.
770 2035 848 2074 12:
881 2048 959 2073 nec
994 2033 1259 2073 circumfuso
1297 2033 1516 2086 pendebat
1548 2034 1593 2072 in
1625 2038 1723 2073 a'ere

206 2088 340 2128 tellus
363 2088 637 2128 Ponderibus
660 2088 822 2128 librata
843 2089 947 2127 suis.

259 2201 275 2225 1
306 2201 398 2240 The
420 2199 682 2253 wedge-like
703 2205 850 2240 stones
872 2199 917 2239 of
937 2200 1081 2239 which
1103 2214 1158 2239 an
1180 2200 1283 2239 arch
1306 2201 1342 2239 is
1365 2200 1662 2239 constructed.

266 2255 282 2279 ²
311 2256 351 2294 A
379 2268 578 2305 ,qramma
610 2255 687 2294 has
717 2255 793 2295 the
824 2255 989 2306 weight
1020 2254 1065 2293 of
1095 2260 1184 2294 two
1215 2254 1336 2294 obols
1370 2254 1610 2303 (one·third
1633 2254 1678 2294 of
1697 2268 1722 2293 a

208 2310 421 2358 (lt-achin).

260 2364 277 2388 ³
305 2365 528 2403 Ausonius
561 2364 664 2403 here
695 2377 845 2416 passes
878 2363 989 2403 from
1024 2364 1100 2403 the
1135 2378 1183 2403 as
1222 2378 1270 2403 or
1309 2364 1421 2403 libra
1461 2364 1555 2413 (the
1594 2377 1720 2403 even-

207 2418 419 2458 balanced
450 2418 616 2470 pound)
648 2424 694 2457 to
724 2418 837 2457 libra
867 2419 909 2456 in
942 2419 1018 2457 the
1048 2432 1171 2458 sense
1193 2419 1237 2458 of
1270 2421 1298 2439 “
1318 2418 1542 2458 balance.''
1602 2418 1721 2457 Thus

209 2474 286 2513 the
320 2473 448 2512 earth
483 2474 520 2512 is
551 2472 764 2512 balanced
801 2475 880 2523 (cp.
916 2477 1020 2512 note
1053 2487 1108 2512 on
1140 2478 1252 2521 text,
1286 2473 1410 2521 1.29)
1445 2473 1490 2511 in
1526 2472 1718 2521 mid-air,

208 2528 340 2568 while
361 2541 443 2567 sun
463 2527 548 2567 and
576 2541 718 2575 moon,
743 2527 830 2579 day
853 2527 937 2566 and
957 2528 1086 2579 night
1108 2527 1287 2567 balance
1308 2527 1414 2566 each
1435 2526 1575 2566 other.
1629 2527 1722 2566 The

209 2583 430 2622 reference
451 2586 498 2622 to
519 2582 596 2622 the
622 2581 890 2622 Caledoni-an
920 2582 1013 2621 tide
1045 2583 1080 2621 is
1111 2587 1157 2622 to
1187 2582 1240 2622 be
1270 2581 1541 2622 understood
1571 2582 1617 2620 in
1644 2582 1721 2621 the

215 2663 306 2720 176
