1871 3046
846 241 1203 290 AUSONIUS

266 378 496 433 tempora
519 378 888 435 cunctaturque
914 372 1039 427 dies,
1063 371 1235 434 procul
1263 374 1410 433 exige
1437 386 1640 416 saevum

266 440 611 486 insidiatorem
636 439 836 486 blandis
861 441 1108 486 erroribus
1132 455 1366 500 anguem.

337 508 481 553 Haec
506 511 605 570 pia,
630 507 717 553 sed
742 515 936 553 maesto
961 506 1269 568 trepidantia
1295 512 1410 551 vota
1435 511 1595 562 reatu,

267 582 403 633 nate,
428 582 553 638 aput
577 582 842 622 aeternum
868 574 1125 637 placabilis
1150 573 1327 619 adsere
1356 579 1570 634 patrem,
1711 572 1774 618 80

264 643 497 701 salvator,
521 643 646 689 deus
671 659 728 687 ac
754 643 1002 698 dominus,
1028 658 1189 698 mens,
1215 640 1390 702 gloria,
1415 640 1639 697 verbum,

264 711 409 768 filius,
437 728 499 757 ex
524 727 641 756 vero
667 726 829 766 verus,
856 709 921 755 de
946 709 1138 755 lumine
1162 708 1352 765 lumen,

262 786 472 825 aeterno
497 795 612 824 cum
636 785 780 839 patre
805 792 1033 833 manens,
1059 780 1111 822 in
1136 776 1334 822 saecula
1357 792 1593 838 regnans,

263 863 481 892 consona
501 862 652 907 quem
675 844 938 890 celebrant
955 844 1202 891 modulati
1221 848 1441 890 carmina
1461 843 1626 890 David
1646 843 1688 889 :l

262 921 316 960 et
339 916 652 975 responsuris
676 912 796 958 ferit
819 929 935 958 aera
960 913 1162 959 vocibus
1185 929 1348 959 amen.
1710 912 1772 957 85

823 1058 845 1103 Ι
853 1058 1226 1104 V.—Ec÷m‹:ssm

604 1154 747 1201 SATIS
773 1171 979 1216 precum
1005 1154 1181 1201 datum
1207 1155 1319 1213 deo,

602 1226 827 1285 quamvis
853 1226 973 1269 satis
998 1240 1273 1286 numquam
1299 1226 1396 1270 reis

606 1290 692 1336 fiat
717 1297 923 1352 precatu
949 1294 1183 1337 numinis.

605 1358 836 1404 habitum
859 1358 1113 1405 forensem
1138 1359 1218 1417 da,
1243 1376 1381 1421 puer.

602 1426 876 1473 dicendum
900 1430 1072 1473 amicis
1099 1434 1178 1473 est
1208 1427 1333 1473 have
1745 1439 1773 1472 O

604 1494 832 1557 valeque,
858 1495 992 1557 quod
1019 1495 1075 1541 fit
1098 1503 1345 1542 mutuum.

604 1563 739 1625 quod
766 1579 880 1608 cum
905 1580 996 1625 per
1021 1562 1165 1609 horas
1192 1570 1430 1626 quattuor

605 1628 826 1696 [cursum
852 1634 1018 1677 citatis
1044 1631 1117 1677 sol
1143 1629 1306 1696 equis]
1328 1632 1346 1661 2

600 1698 815 1745 inclinet
839 1699 903 1744 ad
928 1699 1211 1757 meridiem,

604 1762 888 1813 monendus
909 1773 985 1813 est
1011 1771 1110 1812 iam
1135 1767 1311 1813 Sosias.

679 1911 975 1958 V.—Locus
1013 1912 1354 1958 INVITATIONIS

265 2007 469 2054 TEMPUS
493 2008 730 2054 vocandis
756 2025 974 2071 namque
1000 2012 1171 2054 amicis
1195 2008 1424 2070 adpetit3

264 2092 329 2121 ne
358 2093 446 2122 nos
472 2076 552 2122 vel
578 2076 676 2122 illis
701 2077 1021 2122 demoremur
1045 2077 1330 2139 prandium,

265 2160 478 2205 propere
504 2160 596 2206 per
619 2144 770 2190 aedes
797 2161 940 2190 curre
965 2148 1170 2202 vicinas,
1194 2161 1330 2206 puer.

267 2215 361 2257 scis
387 2215 513 2273 ipse,
537 2215 623 2274 qui
650 2215 780 2258 sint:
817 2215 1018 2275 iamque
1043 2212 1164 2258 dum
1189 2212 1382 2274 loquor,
1406 2213 1529 2259 redi.

266 2282 490 2342 quinque
515 2279 782 2335 advocavi3
820 2296 907 2326 sex
933 2283 1069 2325 enim
1095 2283 1377 2326 convivium

267 2364 382 2393 cum
408 2363 528 2408 rege
554 2351 742 2393 iustum
763 2365 772 2393 ε
810 2351 850 2393 si
875 2364 1043 2409 super,
1069 2351 1349 2394 convicium
1376 2354 1467 2394 est.

264 2415 419 2470 abiit;
458 2414 619 2461 relicti
645 2431 735 2460 nos
761 2431 931 2461 sumus
956 2432 1070 2460 cum
1096 2415 1247 2463 Sosia.

1746 2282 1774 2326 U(

324 2526 339 2549 ¹
381 2526 500 2566 VP2:
537 2526 573 2567 O
599 2527 677 2565 has
706 2527 798 2565 also
828 2527 905 2566 the
927 2528 1101 2567 variant
1131 2528 1219 2568 line
1243 2531 1475 2568 “consona
1504 2543 1632 2582 quem
1667 2530 1773 2569 cele-

268 2582 367 2621 brat
387 2580 614 2621 modulato
634 2581 825 2620 carmine
845 2581 1038 2633 plebeS.’'

322 2634 339 2658 2
369 2635 519 2689 Suppl.
552 2636 822 2675 Translator.

273 2731 330 2760 22
