1871 3046
797 207 838 251 A
850 207 1060 255 USONI
1072 207 1152 254 US

226 341 279 381 et
303 339 622 382 commutatis
646 336 901 383 alternant
926 336 1149 398 pondera
1174 341 1339 395 remis,

226 409 359 455 unda
383 409 539 456 refert
563 410 683 456 alios
708 411 970 456 simulacra
995 415 1221 457 umentia
1246 418 1435 458 nautas.

225 487 331 545 ipsa
354 500 443 529 suo
468 484 657 546 gaudet
682 485 996 530 simulamine
1022 489 1223 531 nautica
1247 488 1421 547 pubes,

225 558 426 604 fallaces
451 558 597 604 fluvio
622 562 800 605 mirata
823 559 986 622 redire
1013 559 1206 621 figuras.

223 635 307 689 sic,
334 634 419 678 ubi
444 636 741 694 compositos
766 640 1081 679 ostentatura
1106 634 1308 696 capillos

224 706 551 768 (candentem
574 707 676 753 late
702 708 891 769 speculi
918 708 1222 769 explorantis
1247 708 1489 754 honorem

223 797 334 826 cum
361 784 577 841 primum
601 797 741 827 carae
766 786 936 827 nutrix
960 782 1182 828 admovit
1207 781 1462 847 alumnae)

223 848 355 893 laeta
379 852 610 909 ignorato
635 848 818 894 fruitur
842 850 1134 910 virguncula
1158 850 1277 895 ludo

220 937 593 984 germanaeque
618 928 765 983 putat
789 921 999 968 formam
1025 931 1252 984 spectare
1279 923 1507 985 puellae:

222 996 388 1041 oscula
414 995 632 1057 fulgenti
659 996 747 1042 dat
770 1013 873 1042 non
898 997 1163 1044 referenda
1187 998 1393 1044 metallo

221 1076 308 1116 aut
333 1070 451 1115 fixas
476 1077 821 1132 praetemptat
845 1088 961 1117 acus
987 1078 1074 1118 aut
1099 1072 1277 1118 frontis
1301 1073 1363 1118 ad
1389 1089 1524 1118 oram

222 1146 438 1190 vibratos
463 1151 635 1206 captat
659 1144 831 1206 digitis
857 1145 1135 1192 extendere
1161 1150 1351 1192 crines:

220 1219 334 1264 talis
357 1218 421 1264 ad
447 1219 733 1264 umbrarum
759 1219 973 1265 ludibria
997 1224 1198 1266 nautica
1223 1222 1380 1282 pubes

220 1294 466 1354 ambiguis
493 1292 674 1338 fruitur
697 1296 801 1338 veri
827 1292 1038 1355 falsique
1065 1294 1246 1356 figuris.

289 1366 394 1412 Iam
420 1383 537 1412 vero
562 1382 787 1412 accessus
814 1367 984 1413 faciles
1010 1384 1107 1430 qua
1131 1372 1237 1430 ripa
1262 1373 1530 1426 ministrat,

220 1448 471 1488 scrutatur
494 1448 604 1487 toto
630 1441 913 1503 populatrix
938 1443 1086 1488 turba
1109 1443 1360 1504 profundo

219 1515 318 1562 heu
343 1516 474 1561 male
500 1515 735 1561 defensos
760 1517 1009 1577 penetrali
1034 1516 1237 1562 flumine
1263 1521 1436 1579 pisceS.

219 1590 299 1636 hic
324 1591 490 1636 medio
516 1590 687 1652 procul
713 1606 861 1636 amne
888 1591 1093 1636 trahens
1119 1596 1345 1638 umentia
1369 1593 1469 1638 lina

218 1665 417 1711 nodosis
441 1665 658 1726 decepta
683 1664 841 1726 plagis
868 1668 1097 1710 examina
1122 1669 1303 1721 verrit3

217 1747 295 1786 ast
320 1740 418 1797 hic,
443 1739 714 1802 tranquillo
740 1755 838 1802 qua
859 1739 1045 1785 labitur
1068 1744 1268 1801 agmine
1293 1740 1496 1799 flumen,

217 1813 358 1859 ducit
382 1817 611 1859 corticeis
637 1813 882 1859 fluitantia
907 1817 1035 1859 retia
1059 1817 1241 1875 signis;

217 1888 301 1934 ille
326 1895 496 1934 autem
522 1887 736 1948 scopulis
761 1887 984 1932 deiectas
1009 1904 1195 1948 pronus
1220 1892 1271 1933 in
1297 1890 1454 1936 undas

216 1963 426 2009 inclinat
450 1962 619 2008 lentae
646 1978 867 2007 convexa
893 1966 1149 2007 cacumina
1175 1967 1359 2024 virgae,

216 2038 448 2083 inductos
475 2040 599 2083 escis
624 2039 810 2082 iaciens
835 2035 1069 2081 letalibus
1096 2036 1279 2083 hamos.

216 2129 338 2175 quos
363 2115 536 2174 ignara
560 2109 662 2156 doli
687 2116 951 2172 postquam
977 2127 1102 2171 vaga
1126 2113 1273 2156 turba
1298 2118 1564 2159 natantum
1622 2121 1631 2135 ’·

216 2187 422 2233 rictibus
446 2188 628 2231 invasit
652 2184 955 2248 patulaeque
982 2201 1071 2246 per
1096 2188 1273 2230 intima
1298 2185 1465 2233 fauces

215 2278 324 2308 sera
348 2260 586 2306 occultati
613 2265 880 2305 senserunt
905 2259 1110 2304 vulnera
1135 2259 1269 2316 ferri,
1434 2257 1445 2262 ⁹

213 2336 333 2382 dum
358 2334 632 2397 trepidant,
660 2334 794 2379 subit
820 2333 1061 2378 indicium
1087 2337 1347 2397 crispoque
1372 2339 1577 2382 tremori

214 2412 453 2456 vibrantis
477 2415 646 2454 saetae
672 2414 855 2452 nutans
882 2411 1136 2454 consentit
1162 2408 1404 2466 harundo,

1621 2115 1646 2159 tx.)

1655 2115 1680 2158 Ul

1687 2114 1716 2159 Φ

210 2501 304 2532 nec
328 2500 466 2530 mora
490 2489 543 2528 et
568 2498 826 2528 excussam
852 2482 1086 2528 stridenti
1112 2483 1320 2529 verbere
1345 2484 1583 2545 praedam
1616 2485 1710 2531 255

209 2560 389 2606 dexter
413 2562 465 2604 in
490 2557 748 2619 obliquum
773 2562 939 2619 raptat
964 2572 1118 2618 puel-3
1157 2561 1344 2619 excipit
1367 2561 1524 2605 ictum

213 2688 305 2728 242
