1871 3046
828 218 1186 266 AUSONIUS

371 371 837 421 XXII.——SEVERUS
875 373 1072 418 CENSOR
1111 372 1346 418 IULIANUS
1385 372 1643 418 CONSOCER

255 497 512 555 DESINITE,
539 514 568 544 O
594 505 810 556 veteres,
836 497 1105 559 Calpurnia
1131 500 1350 554 nomina,
1381 497 1531 559 Frugi

321 587 377 627 ut
401 584 661 643 proprium
686 581 780 626 hoe
806 586 1003 626 vestrae
1029 582 1198 641 gentis
1224 578 1412 625 habere
1437 579 1605 626 decus.

252 679 347 709 nec
373 662 506 709 Solus
532 679 732 724 semper
758 678 935 708 censor
961 660 1084 706 Cato
1109 676 1204 706 nee
1230 661 1325 706 sibi
1351 660 1484 707 solus

319 748 480 791 iustus
507 744 757 790 Aristides
782 743 859 788 his
884 742 1120 804 placeant
1144 742 1321 789 titulis.

252 844 369 873 nam
395 830 594 888 Sapiens
619 829 925 888 quicumque
950 824 1048 870 fuit
1073 840 1349 887 verumque
1376 824 1630 889 fidemque
1737 830 1764 873 5

320 912 405 971 qui
430 908 604 965 coluit,
630 912 868 954 comitem
894 924 946 953 se
973 908 1082 965 tibi,
1111 907 1315 965 Censor,
1341 915 1474 970 agat.

250 1000 305 1039 tu
332 994 496 1053 gravis
523 997 576 1037 et
602 993 755 1037 comis
781 1007 895 1036 cum
920 993 1215 1052 iustitiaque
1242 994 1494 1046 remissus,

318 1076 532 1120 austeris
557 1073 736 1119 doetus
761 1077 971 1135 iungere
998 1076 1314 1135 temperiem.

251 1163 307 1203 tu
333 1172 436 1201 non
460 1154 653 1201 adscito
677 1155 768 1202 tibi
796 1171 878 1201 me
904 1171 1000 1201 nee
1026 1158 1271 1217 sanguine
1298 1158 1471 1202 iuncto

318 1241 505 1301 Optasti
530 1244 725 1284 nostras
751 1241 1037 1284 consociare
1063 1237 1251 1284 domos.
1706 1240 1765 1285 10

251 1337 437 1382 nempe
462 1320 629 1383 aliqua
652 1323 705 1365 in
729 1320 873 1366 nobis
898 1336 1093 1365 morum
1119 1319 1380 1365 simulacra
1405 1327 1607 1367 tuorum

319 1403 508 1466 effigies
534 1406 693 1449 nostri
718 1403 952 1465 praebuit
976 1405 1170 1465 ingenii
1190 1419 1200 1457 3

250 1493 338 1533 aut
362 1489 461 1532 iam
489 1485 741 1532 Fortunae
768 1487 836 1531 sie
863 1501 915 1531 se
942 1487 1138 1546 vertigo
1163 1485 1380 1543 rotabat,

317 1574 376 1615 ut
400 1568 598 1630 pondus
624 1566 741 1613 fatis
765 1573 870 1613 tam
897 1567 1028 1612 bona
1053 1572 1168 1612 vota
1193 1566 1387 1614 darent.

251 1654 290 1698 Si
315 1650 438 1714 quid
461 1656 586 1712 aput
610 1665 784 1695 manes
810 1651 984 1706 sentis,
1011 1646 1151 1694 fovet
1176 1647 1272 1694 hoe
1297 1648 1391 1694 tibi
1416 1656 1661 1708 mentem,
1704 1652 1762 1696 15

318 1731 454 1795 quod
478 1731 584 1778 fieri
610 1737 824 1792 optaras,
850 1730 901 1776 id
928 1729 1144 1776 voluisse
1170 1729 1336 1776 deum.

325 1953 848 2000 XXIII.—-—PAUL1NUS
876 1967 936 1996 ET
963 1951 1201 1996 DRYADIA
1232 1951 1357 1996 F1L11
1386 1952 1594 1999 PAUL1N1
1623 1968 1684 2000 ΕΤ

608 2021 950 2066 MEGENTIRAE
976 2019 1188 2065 SORORIS
1217 2018 1401 2065 F1L1AE.

251 2147 353 2205 QUI
380 2162 568 2193 nomen
593 2146 892 2207 vultumque
917 2147 1088 2206 patris,
1119 2143 1343 2201 Pauline,
1369 2147 1596 2206 gerebas,

317 2232 484 2275 amissi
510 2231 769 2291 specimen
795 2230 881 2290 qui
905 2229 1149 2288 genitoris
1177 2242 1315 2281 eras;

251 2318 459 2374 propter
483 2327 635 2373 quem
658 2310 825 2356 luctus
849 2311 1061 2355 miserae
1087 2307 1337 2354 decedere
1363 2313 1536 2356 matris

319 2399 573 2455 coeperat,
597 2391 802 2438 offerret
827 2407 940 2436 cum
967 2396 1055 2436 tua
1079 2389 1239 2435 forma
1262 2398 1477 2452 patrem,

311 2566 325 2588 1
355 2563 520 2604 Fabher
537 2562 583 2602 of
602 2561 868 2610 Thalassius,
888 2560 987 2600 who
1001 2561 1190 2601 married
1206 2576 1231 2601 a
1247 2562 1467 2615 daughter
1480 2562 1525 2601 of
1540 2564 1761 2604 Ausonius

254 2619 468 2667 (Ausonia
483 2620 530 2667 ?),
554 2617 632 2657 the
652 2616 811 2656 widow
833 2615 877 2654 of
898 2615 1144 2655 Euromius.

254 2699 316 2743 86
