1871 3046
856 212 1214 260 AUSONIUS

589 360 711 406 cape
736 361 946 391 munera
970 349 1135 392 tristia
1158 351 1376 407 patrum,

587 412 904 459 lacrimabilis
930 429 1039 459 orsa
1064 412 1336 475 querellae,

589 497 716 542 quae
742 480 954 527 funereo
978 481 1240 526 modulatu

587 549 678 594 tibi
705 555 926 594 maestus
952 548 1228 593 avunculus
1255 548 1415 594 offert.

339 722 689 769 XVIII.—-FL.
720 722 945 768 SANCTUS
972 722 1207 767 MARITUS
1236 722 1587 767 PUDENTILLAE
1614 735 1740 774 QUAE

756 789 925 836 SoRoR
951 789 1169 836 SAsslNAE
1196 805 1330 835 MEAE

283 900 384 958 QUI
411 903 519 945 ioca
544 899 895 962 laetitiamque
923 900 1060 957 colis,
1085 903 1171 962 qui
1197 903 1360 946 tristia
1385 899 1593 945 damnas

348 984 443 1014 nec
468 970 653 1014 metuis
680 984 986 1031 quemquam
1015 984 1110 1013 nec
1135 967 1443 1014 metuendus
1469 971 1592 1029 agis,

282 1040 368 1099 qui
394 1035 592 1081 nullum
618 1036 811 1082 insidiis
838 1042 1009 1098 captas
1035 1052 1129 1082 nec
1154 1036 1246 1082 lite
1272 1036 1489 1093 lacessis,

351 1103 440 1150 sed
466 1107 650 1150 iustam
676 1111 729 1150 et
755 1104 978 1150 clemens
1004 1107 1159 1150 vitam
1184 1107 1291 1166 agis
1318 1111 1371 1150 et
1396 1107 1611 1165 sapiens,

282 1172 581 1235 tranquillos
605 1189 780 1218 manes
806 1189 1141 1235 supremaque
1167 1176 1310 1219 mitia
1336 1172 1508 1218 Sancti
1768 1171 1795 1216 5

351 1256 436 1286 ore
463 1244 545 1302 pio
572 1247 624 1286 et
649 1241 814 1286 verbis
839 1240 1148 1286 advenerare
1173 1241 1330 1286 bonis.

283 1308 514 1354 militiam
542 1308 681 1354 nullo
707 1312 792 1371 qui
817 1309 1020 1355 turbine
1047 1308 1251 1354 sedulus
1278 1311 1401 1370 egit,

351 1376 581 1438 praeside
606 1376 824 1423 laetatus
850 1393 949 1439 quo
977 1376 1264 1438 Rutupinus
1289 1392 1424 1438 ager,

283 1448 543 1507 octoginta
567 1461 725 1491 annos
751 1448 890 1491 cuius
915 1444 1188 1507 tranquilla
1213 1450 1448 1490 senectus

352 1512 492 1558 nullo
516 1516 733 1559 mutavit
759 1512 1011 1559 deteriore
1037 1512 1132 1558 die.
1738 1510 1799 1556 10

285 1596 406 1643 ergo
430 1597 637 1642 precare
662 1580 855 1639 favens,
880 1587 938 1627 ut
963 1580 1128 1643 qualia
1152 1587 1383 1641 tempora
1408 1583 1557 1635 vitae,

352 1648 473 1695 talia
498 1655 551 1695 et
576 1648 639 1694 ad
666 1665 839 1695 manes
866 1653 969 1695 otia
994 1648 1208 1695 Sanctus
1234 1654 1365 1709 agat.

546 1822 934 1869 XIX.—-NAMxA
977 1822 1295 1867 PUDENTlLLA
1335 1821 1545 1867 ADFINIS

285 1931 459 1983 TUQUE
487 1930 830 1977 Pudentillam
857 1931 1019 1977 verbis
1046 1930 1217 1977 adfare
1244 1933 1504 1992 supremis,

354 2015 483 2061 quae
508 1998 672 2045 famae
699 2015 885 2056 curam,
911 2015 1039 2061 quae
1065 2000 1330 2061 probitatis
1355 1997 1523 2045 habes,

287 2067 469 2113 nobilis
493 2066 634 2124 haec,
661 2066 810 2129 frugi,
836 2067 1007 2129 proba,
1032 2066 1182 2124 laeta,
1207 2066 1406 2128 pudica,
1431 2066 1626 2125 decora,

354 2138 645 2197 coniugium
671 2134 843 2181 Sancti
868 2138 1055 2196 iugiter
1080 2134 1204 2180 haec
1231 2134 1421 2181 habuit.

287 2203 528 2249 inviolata
552 2210 703 2249 tuens
729 2209 896 2249 castae
921 2206 1189 2265 praeconia
1214 2205 1346 2248 vitae
1769 2203 1797 2248 5

354 2274 487 2317 rexit
513 2287 634 2333 opes
660 2274 884 2333 proprias
910 2273 1011 2316 otia
1037 2277 1224 2333 agente
1251 2274 1355 2316 viro
1376 2287 1384 2315 :

287 2355 390 2384 non
414 2338 530 2385 ideo
557 2339 863 2400 exprobrans
889 2345 977 2384 aut
1001 2338 1170 2385 fronte
1197 2338 1417 2385 obducta
1441 2341 1638 2395 marito,

355 2406 491 2469 quod
515 2413 719 2469 gereret
743 2413 905 2453 totam
931 2406 1120 2453 femina
1145 2406 1248 2453 sola
1272 2406 1492 2452 domum.

348 2557 364 2582 1
394 2557 564 2598 Militia
585 2558 701 2606 here,
726 2571 773 2596 as
794 2562 873 2597 not
897 2558 1222 2610 uncommonly,
1255 2556 1471 2597 indicates
1491 2556 1596 2596 civil
1615 2555 1702 2596 and
1723 2558 1802 2595 not

288 2614 487 2665 military
507 2613 674 2652 service
694 2629 701 2653 :
738 2612 814 2651 the
836 2612 1180 2665 still-surviving
1202 2613 1373 2652 Roman
1393 2611 1578 2651 fortress
1598 2616 1647 2650 at
1667 2610 1796 2650 Rich-

290 2694 349 2737 82
