1871 3046
765 184 1122 234 AUSONIUS

187 332 293 371 tam
319 326 519 386 generis
544 323 639 369 tibi
665 321 826 368 celsus
852 335 998 382 apex,
1023 334 1175 381 quam
1200 317 1359 379 gloria
1384 315 1542 371 fandi,

257 413 415 476 gloria
439 411 695 459 Athenaei
721 413 924 473 cognita
949 407 1070 454 sede
1095 406 1193 452 loci
1218 424 1227 452 :

191 503 402 548 Nazario
427 507 481 547 et
506 500 637 546 claro
662 498 918 562 quondam
943 496 1114 542 delata
1144 494 1353 540 Paterae

258 594 463 653 egregie
487 589 674 635 multos
701 587 923 634 excoluit
948 590 1171 631 iuvenes.
1643 580 1704 626 10

192 683 406 742 coniuge
433 695 568 724 nunc
594 681 826 740 natisque
853 674 1206 738 superstitibus
1232 687 1523 734 generoque

260 771 503 813 InalOl‘Um
529 782 702 812 manes
729 772 782 811 et
805 770 1139 810 lnonulnenta
1163 761 1317 808 fOVCS.

280 967 759 1014 XV.—NEPo'r1ANo
799 965 1144 1011 GRAMMATICO
1183 964 1352 1009 EmEM
1394 963 1622 1008 RHETom

366 1081 404 1126 F
408 1096 579 1138 ACETE,
605 1083 775 1137 comis,
801 1083 969 1126 animo
995 1078 1211 1125 iuvenali
1239 1094 1411 1134 senex,

370 1175 449 1218 cui
473 1171 594 1218 felle
621 1171 777 1228 nullo,
802 1170 954 1217 melle
980 1169 1142 1216 multo
1169 1185 1311 1215 mens
1335 1167 1545 1213 madens

366 1278 547 1308 aevum
572 1278 663 1323 per
689 1277 838 1307 omne
864 1260 935 1306 nil
961 1276 1186 1305 amarum
1211 1261 1428 1314 miscuit,

367 1350 586 1397 medella
611 1353 786 1407 nostri,
816 1350 1121 1411 Nepotiane,
1147 1350 1382 1411 pectoris,

1685 1434 1711 1477 Ut

368 1446 473 1486 tam
499 1443 742 1486 seriorum
769 1456 920 1502 quam
945 1442 1167 1484 iocorum
1194 1441 1464 1500 particeps,

369 1531 639 1585 taciturne,
666 1527 904 1590 Amyclas
930 1530 1015 1590 qui
1042 1526 1239 1573 silendo
1264 1528 1439 1572 viceris
1461 1542 1470 1570 2

368 1625 422 1665 te
447 1617 765 1664 fabulantem
790 1634 893 1663 non
922 1616 1100 1663 Ulixes
1126 1615 1398 1678 linqueret,

370 1707 521 1770 liquit
546 1713 789 1753 canentes
815 1710 900 1769 qui
925 1706 1151 1752 melodas
1178 1708 1396 1768 virgines
1418 1723 1426 1751 :

372 1797 528 1858 probe
556 1802 609 1842 et
634 1795 835 1858 pudice,
860 1812 1027 1858 parce,
1053 1794 1204 1857 frugi,
1230 1795 1493 1851 abstemie,

373 1884 608 1942 facunde,
635 1884 762 1931 nulli
788 1884 1049 1931 rhetorum
1075 1883 1263 1930 cedens
1290 1883 1405 1929 stilo
1657 1882 1716 1927 10

376 1980 430 2020 et
454 1973 739 2036 disputator
764 1973 827 2019 ad
855 1972 1139 2019 Cleanthen
1166 1972 1390 2019 Stoicum
1411 1989 1420 2017 :

374 2062 615 2108 Scaurum
644 2062 962 2127 Probumque
988 2062 1136 2108 corde
1163 2061 1351 2108 callens
1377 2065 1556 2108 intimo

376 2157 429 2196 et
455 2150 664 2213 Epirote
692 2151 847 2198 Cinea
871 2167 1064 2197 memor
1088 2154 1247 2212 magis
1268 2167 1276 2195 :

376 2239 557 2285 sodalis
584 2246 638 2286 et
663 2243 937 2298 convictor,
963 2239 1146 2302 hospes
1172 2243 1386 2302 iugiter:

267 2380 282 2404 1
312 2381 383 2420 An
417 2385 567 2420 orator
601 2379 689 2419 and
726 2380 994 2420 rhetorician
1025 2380 1125 2419 who
1163 2380 1386 2420 delivered
1420 2394 1440 2419 a
1479 2381 1718 2433 panegyric

208 2435 369 2483 (which
392 2435 428 2474 is
450 2434 543 2474 still
566 2437 740 2483 extant)
762 2435 804 2474 in
828 2436 972 2486 praise
995 2434 1039 2474 of
1059 2434 1350 2474 Constantine
1373 2434 1406 2473 I.
1433 2435 1478 2474 in
1500 2436 1575 2475 321
1600 2446 1693 2474 ΑΛ).

260 2488 277 2513 2
306 2489 412 2529 This
451 2488 664 2541 Amyclae
706 2488 779 2542 lay
823 2488 1024 2529 between
1064 2489 1220 2541 Cajeta
1260 2489 1345 2528 and
1382 2489 1633 2536 Tarracina,
1672 2491 1715 2528 in

208 2544 397 2583 Latium.
460 2543 505 2583 It
536 2557 625 2583 was
655 2543 889 2584 forbidden
919 2544 987 2583 for
1012 2557 1099 2595 any
1122 2545 1281 2583 citizen
1312 2549 1358 2583 to
1387 2557 1614 2583 announce
1641 2543 1718 2584 the

206 2598 426 2650 approach
449 2597 569 2637 osan
596 2611 765 2650 enemy.
830 2612 892 2650 cp.
921 2598 1082 2650 Virgil,
1115 2598 1220 2643 Aen.
1254 2612 1292 2639 x.
1322 2599 1412 2638 564.

216 2681 307 2711 120
