<?xml version="1.0" encoding="UTF-8"?>
<!DOCTYPE html PUBLIC "-//W3C//DTD XHTML 1.0 Transitional//EN"
    "http://www.w3.org/TR/xhtml1/DTD/xhtml1-transitional.dtd">
<html xmlns="http://www.w3.org/1999/xhtml" xml:lang="en" lang="en">
 <head>
  <title>
</title>
<meta http-equiv="Content-Type" content="text/html;charset=utf-8" />
  <meta name='ocr-system' content='tesseract 3.04.00' />
  <meta name='ocr-capabilities' content='ocr_page ocr_carea ocr_par ocr_line ocrx_word'/>
</head>
<body>
  <div class='ocr_page' id='page_1' title='image "ausonius00auso_0056.png"; bbox 0 0 1871 3046; ppageno 0'>
   <div class='ocr_carea' id='block_1_1' title="bbox 811 207 1167 255">
    <p class='ocr_par' dir='ltr' id='par_1_1' title="bbox 811 207 1167 255">
     <span class='ocr_line' id='line_1_1' title="bbox 811 207 1167 255; baseline 0.008 -3"><span class='ocrx_word' id='word_1_1' title='bbox 811 207 1167 255; x_wconf 89' lang='lat' dir='ltr'>AUSONIUS</span> 
     </span>
    </p>
   </div>
   <div class='ocr_carea' id='block_1_2' title="bbox 232 337 1638 580">
    <p class='ocr_par' dir='ltr' id='par_1_2' title="bbox 232 337 1638 580">
     <span class='ocr_line' id='line_1_2' title="bbox 232 337 1504 402; baseline 0.003 -20"><span class='ocrx_word' id='word_1_2' title='bbox 232 343 302 394; x_wconf 88' lang='lat' dir='ltr'>et,</span> <span class='ocrx_word' id='word_1_3' title='bbox 328 339 461 398; x_wconf 86' lang='lat' dir='ltr'>prior</span> <span class='ocrx_word' id='word_1_4' title='bbox 486 337 726 400; x_wconf 87' lang='lat' dir='ltr'>indeptus</span> <span class='ocrx_word' id='word_1_5' title='bbox 751 337 911 386; x_wconf 84' lang='lat' dir='ltr'>fasces</span> <span class='ocrx_word' id='word_1_6' title='bbox 940 340 1236 402; x_wconf 80' lang='lat' dir='ltr'>Latiamque</span> <span class='ocrx_word' id='word_1_7' title='bbox 1263 341 1504 398; x_wconf 85' lang='lat' dir='ltr'>curulem,</span> 
     </span>
     <span class='ocr_line' id='line_1_3' title="bbox 300 427 1141 491; baseline 0.004 -19"><span class='ocrx_word' id='word_1_8' title='bbox 300 427 489 485; x_wconf 89' lang='lat' dir='ltr'>consul,</span> <span class='ocrx_word' id='word_1_9' title='bbox 515 428 710 491; x_wconf 82' lang='lat' dir='ltr'>collega</span> <span class='ocrx_word' id='word_1_10' title='bbox 736 433 1029 491; x_wconf 86' lang='lat' dir='ltr'>posteriore,</span> <span class='ocrx_word' id='word_1_11' title='bbox 1055 429 1141 475; x_wconf 87' lang='lat' dir='ltr'>fui.</span> 
     </span>
     <span class='ocr_line' id='line_1_4' title="bbox 234 517 1638 580; baseline 0.002 -18"><span class='ocrx_word' id='word_1_12' title='bbox 234 517 337 562; x_wconf 91' lang='lat' dir='ltr'>Hic</span> <span class='ocrx_word' id='word_1_13' title='bbox 364 533 485 580; x_wconf 84' lang='lat' dir='ltr'>ergo</span> <span class='ocrx_word' id='word_1_14' title='bbox 510 517 796 564; x_wconf 88' lang='lat' dir='ltr'>Ausonius:</span> <span class='ocrx_word' id='word_1_15' title='bbox 835 519 924 564; x_wconf 84' lang='lat' dir='ltr'>sed</span> <span class='ocrx_word' id='word_1_16' title='bbox 949 525 1005 564; x_wconf 94' lang='lat' dir='ltr'>tu</span> <span class='ocrx_word' id='word_1_17' title='bbox 1033 535 1097 564; x_wconf 92' lang='lat' dir='ltr'>ne</span> <span class='ocrx_word' id='word_1_18' title='bbox 1125 525 1314 576; x_wconf 87' lang='lat' dir='ltr'>temne,</span> <span class='ocrx_word' id='word_1_19' title='bbox 1344 518 1477 580; x_wconf 92' lang='lat' dir='ltr'>quod</span> <span class='ocrx_word' id='word_1_20' title='bbox 1505 519 1638 565; x_wconf 92' lang='lat' dir='ltr'>ultro</span> 
     </span>
    </p>
   </div>
   <div class='ocr_carea' id='block_1_3' title="bbox 300 608 1742 668">
    <p class='ocr_par' dir='ltr' id='par_1_3' title="bbox 300 608 1742 668">
     <span class='ocr_line' id='line_1_5' title="bbox 300 608 1742 668; baseline 0.004 -18"><span class='ocrx_word' id='word_1_21' title='bbox 300 612 566 667; x_wconf 90' lang='lat' dir='ltr'>patronum</span> <span class='ocrx_word' id='word_1_22' title='bbox 594 610 777 653; x_wconf 86' lang='lat' dir='ltr'>nostris</span> <span class='ocrx_word' id='word_1_23' title='bbox 802 614 855 653; x_wconf 86' lang='lat' dir='ltr'>te</span> <span class='ocrx_word' id='word_1_24' title='bbox 881 624 1001 668; x_wconf 89' lang='lat' dir='ltr'>paro</span> <span class='ocrx_word' id='word_1_25' title='bbox 1028 608 1343 655; x_wconf 77' lang='lat' dir='ltr'>carminibus.</span> <span class='ocrx_word' id='word_1_26' title='bbox 1679 610 1742 656; x_wconf 87' lang='lat'>40</span> 
     </span>
    </p>
   </div>
   <div class='ocr_carea' id='block_1_4' title="bbox 658 801 1316 848">
    <p class='ocr_par' dir='ltr' id='par_1_4' title="bbox 658 801 1316 848">
     <span class='ocr_line' id='line_1_6' title="bbox 658 801 1316 848; baseline 0.005 -3"><span class='ocrx_word' id='word_1_27' title='bbox 658 801 1054 846; x_wconf 76' lang='lat' dir='ltr'>IL—Aosons</span> <span class='ocrx_word' id='word_1_28' title='bbox 1091 801 1316 848; x_wconf 74' lang='lat' dir='ltr'>SYAGRIO</span> 
     </span>
    </p>
   </div>
   <div class='ocr_carea' id='block_1_5' title="bbox 228 922 1561 1246">
    <p class='ocr_par' dir='ltr' id='par_1_5' title="bbox 234 922 1561 1075">
     <span class='ocr_line' id='line_1_7' title="bbox 234 922 1483 988; baseline 0.003 -22"><span class='ocrx_word' id='word_1_29' title='bbox 234 922 474 967; x_wconf 75' lang='lat' dir='ltr'>PECTORIS</span> <span class='ocrx_word' id='word_1_30' title='bbox 501 928 558 967; x_wconf 91' lang='lat' dir='ltr'>ut</span> <span class='ocrx_word' id='word_1_31' title='bbox 583 925 742 968; x_wconf 83' lang='lat' dir='ltr'>nostri</span> <span class='ocrx_word' id='word_1_32' title='bbox 769 922 943 968; x_wconf 88' lang='lat' dir='ltr'>sedem</span> <span class='ocrx_word' id='word_1_33' title='bbox 970 923 1107 981; x_wconf 87' lang='lat' dir='ltr'>colis,</span> <span class='ocrx_word' id='word_1_34' title='bbox 1131 924 1263 970; x_wconf 88' lang='lat' dir='ltr'>alme</span> <span class='ocrx_word' id='word_1_35' title='bbox 1290 924 1483 988; x_wconf 85' lang='lat' dir='ltr'>Syagri,</span> 
     </span>
     <span class='ocr_line' id='line_1_8' title="bbox 298 1010 1561 1075; baseline 0.004 -19"><span class='ocrx_word' id='word_1_36' title='bbox 298 1027 720 1073; x_wconf 84' lang='lat' dir='ltr'>communemque</span> <span class='ocrx_word' id='word_1_37' title='bbox 747 1010 944 1058; x_wconf 88' lang='lat' dir='ltr'>habitas</span> <span class='ocrx_word' id='word_1_38' title='bbox 970 1011 1099 1058; x_wconf 86' lang='lat' dir='ltr'>alter</span> <span class='ocrx_word' id='word_1_39' title='bbox 1126 1029 1221 1075; x_wconf 83' lang='lat' dir='ltr'>ego</span> <span class='ocrx_word' id='word_1_40' title='bbox 1250 1014 1529 1060; x_wconf 86' lang='lat' dir='ltr'>Ausonium</span> <span class='ocrx_word' id='word_1_41' title='bbox 1551 1032 1561 1061; x_wconf 71' lang='grc' dir='ltr'>ε</span> 
     </span>
    </p>

    <p class='ocr_par' dir='ltr' id='par_1_6' title="bbox 228 1099 1413 1246">
     <span class='ocr_line' id='line_1_9' title="bbox 228 1099 1413 1162; baseline 0.002 -16"><span class='ocrx_word' id='word_1_42' title='bbox 228 1103 298 1146; x_wconf 85' lang='lat' dir='ltr'>sic</span> <span class='ocrx_word' id='word_1_43' title='bbox 325 1103 479 1146; x_wconf 89' lang='lat' dir='ltr'>etiam</span> <span class='ocrx_word' id='word_1_44' title='bbox 506 1106 679 1146; x_wconf 80' lang='lat' dir='ltr'>nostro</span> <span class='ocrx_word' id='word_1_45' title='bbox 705 1099 962 1162; x_wconf 86' lang='lat' dir='ltr'>praefatus</span> <span class='ocrx_word' id='word_1_46' title='bbox 987 1101 1243 1148; x_wconf 79' lang='lat' dir='ltr'>habebere</span> <span class='ocrx_word' id='word_1_47' title='bbox 1270 1102 1413 1160; x_wconf 87' lang='lat' dir='ltr'>libro,</span> 
     </span>
     <span class='ocr_line' id='line_1_10' title="bbox 296 1188 1354 1246; baseline 0.003 -12"><span class='ocrx_word' id='word_1_48' title='bbox 296 1188 497 1235; x_wconf 84' lang='lat' dir='ltr'>differat</span> <span class='ocrx_word' id='word_1_49' title='bbox 525 1195 579 1235; x_wconf 92' lang='lat' dir='ltr'>ut</span> <span class='ocrx_word' id='word_1_50' title='bbox 604 1188 780 1246; x_wconf 92' lang='lat' dir='ltr'>nihilo,</span> <span class='ocrx_word' id='word_1_51' title='bbox 807 1192 871 1236; x_wconf 91' lang='lat' dir='ltr'>sit</span> <span class='ocrx_word' id='word_1_52' title='bbox 897 1196 1013 1236; x_wconf 82' lang='lat' dir='ltr'>tuus</span> <span class='ocrx_word' id='word_1_53' title='bbox 1039 1207 1171 1237; x_wconf 83' lang='lat' dir='ltr'>anne</span> <span class='ocrx_word' id='word_1_54' title='bbox 1197 1207 1354 1237; x_wconf 88' lang='lat' dir='ltr'>meus.</span> 
     </span>
    </p>
   </div>
   <div class='ocr_carea' id='block_1_6' title="bbox 505 1385 1483 1432">
    <p class='ocr_par' dir='ltr' id='par_1_7' title="bbox 505 1385 1483 1432">
     <span class='ocr_line' id='line_1_11' title="bbox 505 1385 1483 1432; baseline 0.001 -2"><span class='ocrx_word' id='word_1_55' title='bbox 505 1385 920 1431; x_wconf 72' lang='lat' dir='ltr'><strong>HL—EmsTULA</strong></span> <span class='ocrx_word' id='word_1_56' title='bbox 960 1385 1217 1432; x_wconf 77' lang='lat' dir='ltr'>THEODosl</span> <span class='ocrx_word' id='word_1_57' title='bbox 1257 1386 1483 1432; x_wconf 81' lang='lat' dir='ltr'>AUGUSTI</span> 
     </span>
    </p>
   </div>
   <div class='ocr_carea' id='block_1_7' title="bbox 274 1507 1695 1571">
    <p class='ocr_par' dir='ltr' id='par_1_8' title="bbox 274 1507 1695 1571">
     <span class='ocr_line' id='line_1_12' title="bbox 274 1507 1695 1571; baseline 0.001 -18"><span class='ocrx_word' id='word_1_58' title='bbox 274 1507 611 1568; x_wconf 82' lang='lat' dir='ltr'>[Theodosius</span> <span class='ocrx_word' id='word_1_59' title='bbox 640 1508 900 1571; x_wconf 87' lang='lat' dir='ltr'>Augustus</span> <span class='ocrx_word' id='word_1_60' title='bbox 928 1509 1152 1555; x_wconf 82' lang='lat' dir='ltr'>Ausonio</span> <span class='ocrx_word' id='word_1_61' title='bbox 1178 1512 1379 1571; x_wconf 89' lang='lat' dir='ltr'>parenti</span> <span class='ocrx_word' id='word_1_62' title='bbox 1405 1508 1695 1571; x_wconf 85' lang='lat' dir='ltr'>salutem.]1</span> 
     </span>
    </p>
   </div>
   <div class='ocr_carea' id='block_1_8' title="bbox 228 1611 1745 2480">
    <p class='ocr_par' dir='ltr' id='par_1_9' title="bbox 228 1611 1745 2480">
     <span class='ocr_line' id='line_1_13' title="bbox 298 1611 1745 1675; baseline 0 -19"><span class='ocrx_word' id='word_1_63' title='bbox 298 1612 453 1657; x_wconf 78' lang='lat' dir='ltr'><strong>AMOR</strong></span> <span class='ocrx_word' id='word_1_64' title='bbox 501 1628 643 1658; x_wconf 81' lang='lat' dir='ltr'>meus</span> <span class='ocrx_word' id='word_1_65' title='bbox 691 1616 777 1675; x_wconf 87' lang='lat' dir='ltr'>qui</span> <span class='ocrx_word' id='word_1_66' title='bbox 825 1616 877 1658; x_wconf 91' lang='lat' dir='ltr'>in</span> <span class='ocrx_word' id='word_1_67' title='bbox 925 1618 978 1658; x_wconf 90' lang='lat' dir='ltr'>te</span> <span class='ocrx_word' id='word_1_68' title='bbox 1030 1618 1108 1658; x_wconf 87' lang='lat' dir='ltr'>est</span> <span class='ocrx_word' id='word_1_69' title='bbox 1151 1618 1204 1658; x_wconf 91' lang='lat' dir='ltr'>et</span> <span class='ocrx_word' id='word_1_70' title='bbox 1246 1611 1511 1658; x_wconf 87' lang='lat' dir='ltr'>admiratio</span> <span class='ocrx_word' id='word_1_71' title='bbox 1550 1614 1745 1674; x_wconf 88' lang='lat' dir='ltr'>ingenii</span> 
     </span>
     <span class='ocr_line' id='line_1_14' title="bbox 228 1700 1744 1764; baseline -0.001 -18"><span class='ocrx_word' id='word_1_72' title='bbox 228 1706 382 1763; x_wconf 86' lang='lat' dir='ltr'>atque</span> <span class='ocrx_word' id='word_1_73' title='bbox 433 1701 731 1747; x_wconf 87' lang='lat' dir='ltr'>eruditionis</span> <span class='ocrx_word' id='word_1_74' title='bbox 778 1708 913 1758; x_wconf 87' lang='lat' dir='ltr'>tuae,</span> <span class='ocrx_word' id='word_1_75' title='bbox 964 1717 1092 1764; x_wconf 89' lang='lat' dir='ltr'>quae</span> <span class='ocrx_word' id='word_1_76' title='bbox 1141 1700 1304 1746; x_wconf 90' lang='lat' dir='ltr'>multo</span> <span class='ocrx_word' id='word_1_77' title='bbox 1353 1703 1571 1745; x_wconf 83' lang='lat' dir='ltr'>maxima</span> <span class='ocrx_word' id='word_1_78' title='bbox 1609 1706 1744 1756; x_wconf 85' lang='lat' dir='ltr'>sunt,</span> 
     </span>
     <span class='ocr_line' id='line_1_15' title="bbox 231 1789 1744 1851; baseline 0 -17"><span class='ocrx_word' id='word_1_79' title='bbox 231 1789 371 1847; x_wconf 87' lang='lat' dir='ltr'>fecit,</span> <span class='ocrx_word' id='word_1_80' title='bbox 422 1807 602 1851; x_wconf 81' lang='lat' dir='ltr'>parens</span> <span class='ocrx_word' id='word_1_81' title='bbox 651 1790 1028 1847; x_wconf 85' lang='lat' dir='ltr'>iucundissime,</span> <span class='ocrx_word' id='word_1_82' title='bbox 1076 1796 1134 1836; x_wconf 92' lang='lat' dir='ltr'>ut</span> <span class='ocrx_word' id='word_1_83' title='bbox 1180 1806 1373 1835; x_wconf 90' lang='lat' dir='ltr'>morem</span> <span class='ocrx_word' id='word_1_84' title='bbox 1432 1789 1744 1851; x_wconf 86' lang='lat' dir='ltr'>principibus</span> 
     </span>
     <span class='ocr_line' id='line_1_16' title="bbox 230 1879 1742 1943; baseline -0.001 -18"><span class='ocrx_word' id='word_1_85' title='bbox 230 1880 338 1926; x_wconf 87' lang='lat' dir='ltr'>aliis</span> <span class='ocrx_word' id='word_1_86' title='bbox 376 1881 580 1927; x_wconf 84' lang='lat' dir='ltr'>solitum</span> <span class='ocrx_word' id='word_1_87' title='bbox 618 1887 988 1943; x_wconf 75' lang='lat' dir='ltr'>sequestrarem</span> <span class='ocrx_word' id='word_1_88' title='bbox 1023 1879 1422 1941; x_wconf 84' lang='lat' dir='ltr'>familiaremque</span> <span class='ocrx_word' id='word_1_89' title='bbox 1460 1894 1742 1925; x_wconf 86' lang='lat' dir='ltr'>sermonem</span> 
     </span>
     <span class='ocr_line' id='line_1_17' title="bbox 232 1967 1745 2032; baseline -0.001 -18"><span class='ocrx_word' id='word_1_90' title='bbox 232 1969 605 2032; x_wconf 83' lang='lat' dir='ltr'>autographum</span> <span class='ocrx_word' id='word_1_91' title='bbox 652 1969 714 2015; x_wconf 85' lang='lat' dir='ltr'>ad</span> <span class='ocrx_word' id='word_1_92' title='bbox 763 1975 817 2015; x_wconf 92' lang='lat' dir='ltr'>te</span> <span class='ocrx_word' id='word_1_93' title='bbox 866 1972 1287 2025; x_wconf 76' lang='lat' dir='ltr'>transmitterem,</span> <span class='ocrx_word' id='word_1_94' title='bbox 1335 1967 1596 2029; x_wconf 82' lang='lat' dir='ltr'>postulans</span> <span class='ocrx_word' id='word_1_95' title='bbox 1655 1984 1745 2029; x_wconf 92' lang='lat' dir='ltr'>pro</span> 
     </span>
     <span class='ocr_line' id='line_1_18' title="bbox 231 2057 1745 2123; baseline -0.001 -19"><span class='ocrx_word' id='word_1_96' title='bbox 231 2063 339 2106; x_wconf 83' lang='lat' dir='ltr'>iure</span> <span class='ocrx_word' id='word_1_97' title='bbox 388 2076 491 2105; x_wconf 91' lang='lat' dir='ltr'>non</span> <span class='ocrx_word' id='word_1_98' title='bbox 542 2059 781 2123; x_wconf 89' lang='lat' dir='ltr'>equidem</span> <span class='ocrx_word' id='word_1_99' title='bbox 822 2062 979 2121; x_wconf 86' lang='lat' dir='ltr'>regio,</span> <span class='ocrx_word' id='word_1_100' title='bbox 1020 2057 1108 2104; x_wconf 84' lang='lat' dir='ltr'>sed</span> <span class='ocrx_word' id='word_1_101' title='bbox 1158 2057 1289 2103; x_wconf 82' lang='lat' dir='ltr'>illius</span> <span class='ocrx_word' id='word_1_102' title='bbox 1337 2061 1562 2119; x_wconf 82' lang='lat' dir='ltr'>privatae</span> <span class='ocrx_word' id='word_1_103' title='bbox 1610 2060 1745 2104; x_wconf 90' lang='lat' dir='ltr'>inter</span> 
     </span>
     <span class='ocr_line' id='line_1_19' title="bbox 232 2150 1743 2212; baseline 0.001 -16"><span class='ocrx_word' id='word_1_104' title='bbox 232 2166 324 2196; x_wconf 86' lang='lat' dir='ltr'>nos</span> <span class='ocrx_word' id='word_1_105' title='bbox 372 2153 613 2208; x_wconf 81' lang='lat' dir='ltr'>caritatis,</span> <span class='ocrx_word' id='word_1_106' title='bbox 660 2167 725 2196; x_wconf 93' lang='lat' dir='ltr'>ne</span> <span class='ocrx_word' id='word_1_107' title='bbox 774 2150 992 2196; x_wconf 86' lang='lat' dir='ltr'>fraudari</span> <span class='ocrx_word' id='word_1_108' title='bbox 1047 2167 1128 2196; x_wconf 88' lang='lat' dir='ltr'>me</span> <span class='ocrx_word' id='word_1_109' title='bbox 1183 2154 1483 2212; x_wconf 86' lang='lat' dir='ltr'>scriptorum</span> <span class='ocrx_word' id='word_1_110' title='bbox 1540 2158 1743 2197; x_wconf 89' lang='lat' dir='ltr'>tuorum</span> 
     </span>
     <span class='ocr_line' id='line_1_20' title="bbox 232 2238 1742 2301; baseline 0.001 -17"><span class='ocrx_word' id='word_1_111' title='bbox 232 2240 452 2286; x_wconf 86' lang='lat' dir='ltr'>lectione</span> <span class='ocrx_word' id='word_1_112' title='bbox 502 2243 718 2301; x_wconf 87' lang='lat' dir='ltr'>patiaris.</span> <span class='ocrx_word' id='word_1_113' title='bbox 793 2255 921 2301; x_wconf 88' lang='lat' dir='ltr'>quae</span> <span class='ocrx_word' id='word_1_114' title='bbox 970 2238 1089 2284; x_wconf 91' lang='lat' dir='ltr'>olim</span> <span class='ocrx_word' id='word_1_115' title='bbox 1137 2239 1261 2284; x_wconf 88' lang='lat' dir='ltr'>mihi</span> <span class='ocrx_word' id='word_1_116' title='bbox 1302 2243 1506 2301; x_wconf 83' lang='lat' dir='ltr'>cognita</span> <span class='ocrx_word' id='word_1_117' title='bbox 1549 2246 1602 2286; x_wconf 87' lang='lat' dir='ltr'>et</span> <span class='ocrx_word' id='word_1_118' title='bbox 1644 2243 1742 2286; x_wconf 89' lang='lat' dir='ltr'>iam</span> 
     </span>
     <span class='ocr_line' id='line_1_21' title="bbox 232 2327 1743 2391; baseline 0.001 -17"><span class='ocrx_word' id='word_1_119' title='bbox 232 2344 323 2391; x_wconf 87' lang='lat' dir='ltr'>per</span> <span class='ocrx_word' id='word_1_120' title='bbox 359 2335 562 2390; x_wconf 84' lang='lat' dir='ltr'>tempus</span> <span class='ocrx_word' id='word_1_121' title='bbox 605 2328 762 2374; x_wconf 88' lang='lat' dir='ltr'>oblita</span> <span class='ocrx_word' id='word_1_122' title='bbox 800 2344 995 2373; x_wconf 85' lang='lat' dir='ltr'>rursum</span> <span class='ocrx_word' id='word_1_123' title='bbox 1040 2327 1287 2385; x_wconf 80' lang='lat' dir='ltr'>desidero,</span> <span class='ocrx_word' id='word_1_124' title='bbox 1328 2345 1430 2374; x_wconf 89' lang='lat' dir='ltr'>non</span> <span class='ocrx_word' id='word_1_125' title='bbox 1470 2328 1631 2375; x_wconf 85' lang='lat' dir='ltr'>solum</span> <span class='ocrx_word' id='word_1_126' title='bbox 1668 2335 1743 2386; x_wconf 91' lang='lat' dir='ltr'>ut,</span> 
     </span>
     <span class='ocr_line' id='line_1_22' title="bbox 233 2416 1742 2480; baseline 0.001 -18"><span class='ocrx_word' id='word_1_127' title='bbox 233 2433 362 2480; x_wconf 89' lang='lat' dir='ltr'>quae</span> <span class='ocrx_word' id='word_1_128' title='bbox 400 2424 518 2463; x_wconf 82' lang='lat' dir='ltr'>sunt</span> <span class='ocrx_word' id='word_1_129' title='bbox 557 2424 694 2474; x_wconf 88' lang='lat' dir='ltr'>nota,</span> <span class='ocrx_word' id='word_1_130' title='bbox 737 2416 1041 2474; x_wconf 77' lang='lat' dir='ltr'>recolantur,</span> <span class='ocrx_word' id='word_1_131' title='bbox 1082 2417 1171 2463; x_wconf 86' lang='lat' dir='ltr'>sed</span> <span class='ocrx_word' id='word_1_132' title='bbox 1212 2420 1365 2463; x_wconf 86' lang='lat' dir='ltr'>etiam</span> <span class='ocrx_word' id='word_1_133' title='bbox 1404 2425 1462 2464; x_wconf 90' lang='lat' dir='ltr'>ut</span> <span class='ocrx_word' id='word_1_134' title='bbox 1501 2434 1577 2476; x_wconf 82' lang='lat' dir='ltr'>ea,</span> <span class='ocrx_word' id='word_1_135' title='bbox 1613 2434 1742 2480; x_wconf 87' lang='lat' dir='ltr'>quae</span> 
     </span>
    </p>
   </div>
   <div class='ocr_carea' id='block_1_9' title="bbox 230 2506 1742 2569">
    <p class='ocr_par' dir='ltr' id='par_1_10' title="bbox 230 2506 1742 2569">
     <span class='ocr_line' id='line_1_23' title="bbox 230 2506 1742 2569; baseline 0.001 -17"><span class='ocrx_word' id='word_1_136' title='bbox 230 2507 364 2552; x_wconf 82' lang='lat' dir='ltr'>fama</span> <span class='ocrx_word' id='word_1_137' title='bbox 402 2506 590 2553; x_wconf 91' lang='lat' dir='ltr'>celebri</span> <span class='ocrx_word' id='word_1_138' title='bbox 637 2506 835 2552; x_wconf 84' lang='lat' dir='ltr'>adiecta</span> <span class='ocrx_word' id='word_1_139' title='bbox 882 2512 1244 2564; x_wconf 87' lang='lat' dir='ltr'>memorantur,</span> <span class='ocrx_word' id='word_1_140' title='bbox 1283 2510 1538 2569; x_wconf 78' lang='lat' dir='ltr'>accipiam.</span> <span class='ocrx_word' id='word_1_141' title='bbox 1613 2522 1742 2569; x_wconf 86' lang='lat' dir='ltr'>quae</span> 
     </span>
    </p>
   </div>
   <div class='ocr_carea' id='block_1_10' title="bbox 235 2614 1216 2742">
    <p class='ocr_par' dir='ltr' id='par_1_11' title="bbox 235 2614 1216 2742">
     <span class='ocr_line' id='line_1_24' title="bbox 766 2614 1216 2667; baseline 0.002 -12"><span class='ocrx_word' id='word_1_142' title='bbox 766 2617 781 2640; x_wconf 87' lang='lat'>¹</span> <span class='ocrx_word' id='word_1_143' title='bbox 811 2614 962 2667; x_wconf 84' lang='lat' dir='ltr'>Suppl.</span> <span class='ocrx_word' id='word_1_144' title='bbox 988 2615 1216 2656; x_wconf 74' lang='lat' dir='ltr'>Avantz&#39;us.</span> 
     </span>
     <span class='ocr_line' id='line_1_25' title="bbox 235 2699 262 2742; baseline 0 0"><span class='ocrx_word' id='word_1_145' title='bbox 235 2699 262 2742; x_wconf 86' lang='lat'>6</span> 
     </span>
    </p>
   </div>
  </div>
 </body>
</html>
