1871 3046
779 195 782 198 ’
826 184 1183 233 AUSONIUS

760 337 1242 384 XX.—-BURD1GALA

248 449 394 495 ΙΜΡῙΑ
418 449 713 495 iamdudum
739 447 1022 494 condemno
1048 447 1261 506 silentia,
1291 446 1426 510 quod
1451 453 1522 504 te,

245 555 273 584 o
298 542 474 600 patria,
500 541 752 600 insignem
779 536 975 583 Baccho
1002 536 1262 598 fluviisque
1288 539 1521 599 virisque,

244 628 465 673 moribus
485 630 803 690 ingeniisque
825 625 1086 672 hominum
1107 641 1475 688 procerumque
1496 631 1691 683 senatu,

245 732 347 762 non
371 719 506 762 inter
529 719 713 777 primas
738 732 1030 773 memoremj
1059 718 1199 778 quasi
1224 719 1451 762 conscius
1477 716 1611 762 urbis

246 807 458 867 exiguae
484 808 744 851 inmeritas
769 805 1000 852 dubitem
1027 809 1326 867 contingere
1352 805 1540 852 laudes.
1733 806 1761 851 5

245 910 348 939 non
367 893 529 955 pudor
547 893 666 939 hinc
685 895 830 940 nobis
847 911 859 953 3
884 911 979 941 nec
1000 898 1136 940 enirn
1155 894 1279 939 mihi
1300 895 1507 940 barbara
1533 894 1695 941 Rheni

246 999 331 1028 ora
355 998 450 1029 nec
475 989 645 1029 arctoo
671 983 849 1029 domus
876 990 953 1029 est
979 983 1202 1046 glacialis
1227 987 1279 1029 in
1307 984 1536 1030 Haemo:

247 1073 538 1119 BURmGALA
568 1079 646 1119 est
670 1072 840 1119 natale
867 1072 1058 1128 solum;
1096 1073 1369 1120 clementia
1395 1073 1517 1120 caeli

245 1165 381 1208 mitis
407 1163 493 1208 ubi
520 1169 573 1208 et
598 1165 770 1224 riguae
797 1162 936 1225 larga
961 1163 1284 1225 indulgentia
1309 1170 1491 1221 terrae,

245 1267 333 1297 ver
355 1250 565 1313 longum
591 1252 900 1314 brumaeque
926 1268 1055 1297 novo
1082 1268 1197 1297 cum
1224 1251 1327 1298 sole
1353 1258 1593 1314 tepentes
1703 1252 1763 1298 10

246 1339 560 1402 aestifluique
586 1356 776 1397 amnes,
802 1356 1014 1402 quorum
1039 1343 1157 1402 iuga
1182 1343 1316 1386 vitea
1342 1340 1517 1386 subter

244 1427 447 1475 fervent
471 1445 747 1492 aequoreos
773 1432 971 1474 imitata
996 1428 1187 1475 fluenta
1212 1435 1423 1475 meatus.

246 1518 471 1581 quadrua
494 1535 751 1563 murorum
778 1521 987 1580 species,
1014 1521 1083 1564 sic
1110 1519 1330 1564 turribus
1356 1518 1470 1565 altis

245 1607 415 1665 ardua,
443 1614 500 1654 ut
523 1611 681 1654 aerias
706 1611 902 1654 intrent
927 1607 1128 1671 fastigia
1155 1610 1329 1655 nubes.

246 1697 510 1744 distinctas
536 1701 738 1744 interne
764 1701 866 1743 vias
892 1701 1089 1755 mirere,
1117 1697 1380 1744 domorum
1704 1698 1763 1744 15

246 1787 546 1849 dispositum
572 1793 625 1833 et
649 1787 776 1833 latas
801 1803 987 1833 nomen
1014 1803 1211 1833 servare
1237 1787 1447 1848 plateas,

246 1883 356 1923 tum
381 1875 751 1937 respondentes
777 1875 971 1922 directa
996 1879 1048 1920 in
1075 1879 1295 1937 compita
1322 1883 1521 1937 portas;

246 1980 337 2025 per
361 1958 687 2027 mediumque
715 1964 850 2010 urbis
875 1964 1073 2010 fontani
1099 1964 1316 2010 fluminis
1341 1965 1558 2023 alveum,

248 2070 399 2116 quem
424 2060 569 2116 pater
595 2054 829 2100 Oceanus
854 2053 1009 2099 refluo
1036 2070 1150 2099 cum
1175 2053 1464 2115 impleverit
1489 2060 1651 2112 aestu,

247 2143 414 2190 adlabi
438 2150 605 2190 totum
631 2144 882 2205 spectabis
908 2143 1148 2189 classibus
1172 2160 1373 2206 aequor.
1704 2143 1766 2189 20

305 2233 442 2292 Quid
467 2249 745 2279 memorem
775 2233 916 2278 Pario
944 2239 1238 2279 contectum
1263 2249 1510 2279 marmore
1536 2233 1731 2279 fontem

250 2321 424 2383 Euripi
449 2320 644 2367 fervere
671 2320 836 2367 freto?
876 2327 1065 2383 quanta
1089 2320 1227 2366 unda
1250 2319 1488 2382 profundi
1508 2321 1517 2366 l

249 2416 466 2472 quantus
484 2413 535 2455 in
551 2426 699 2455 amne
715 2410 904 2456 tumor!
933 2415 1123 2471 quanto
1139 2412 1240 2455 ruit
1255 2412 1459 2470 agmine
1480 2425 1722 2471 praeceps

303 2536 317 2560 1
347 2536 584 2586 continyere
616 2536 722 2584 (like
744 2549 824 2575 our
850 2538 878 2556 “
896 2535 1112 2575 contact²⁹
1144 2537 1189 2574 in
1220 2536 1384 2575 certain
1413 2536 1576 2583 senses)
1607 2534 1767 2574 carries

249 2604 305 2630 an
326 2591 601 2643 implication
623 2591 666 2630 of
687 2590 940 2630 defilement
962 2604 1010 2630 or
1030 2590 1340 2642 degradatiou.

253 2669 343 2715 282
