1871 3046
823 213 1181 260 AUSONIUS

566 386 888 432 VL—-Locus
926 387 1221 433 ORmNANm
1261 386 1428 437 Coom.

238 499 396 554 Sosm,
421 496 774 560 prandendum
800 504 890 543 est.
965 503 1195 559 quartam
1220 500 1318 540 iam
1344 502 1482 542 totus
1501 499 1553 541 in
1573 496 1747 542 horam

303 566 375 612 sol
400 566 561 611 calet:
599 565 662 610 ad
687 569 917 627 quintam
944 564 1163 610 flectitur
1188 564 1364 608 umbra
1389 570 1575 609 notam.

235 653 299 680 an
323 640 509 696 vegeto
534 633 776 678 madeant
801 632 1003 678 condita
1030 635 1237 693 opsonia
1262 637 1412 692 gustu

301 700 500 766 (fallere
525 716 745 762 namque
770 699 974 763 solent),
1002 699 1313 760 experiundo
1337 699 1505 760 proba.

234 776 449 815 concute
473 768 731 815 ferventes
757 767 935 828 palmis
960 766 1279 812 volventibus
1305 766 1442 824 ollas,
1716 769 1744 812 5

299 841 479 898 tingue
506 836 641 881 celer
666 835 851 896 digitos
877 838 985 880 iure
1012 834 1211 881 calente
1237 841 1367 892 tuos,

233 905 449 950 vibranti
473 903 666 948 lambat
691 918 813 964 quos
839 902 1010 948 umida
1033 902 1208 965 lingua
1232 919 1435 949 recursu
1454 902 1474 932 1

390 1000 419 1026 ²7¹<
629 998 658 1025 Ἃ·
868 998 894 1025 *k
1105 998 1133 1025 -K-
1342 999 1370 1025 ->÷
1578 1000 1607 1027 7⁸³.-

294 1129 567 1193 VIL—[IN
594 1129 870 1174 Nommom
898 1144 949 1175 IN
977 1129 1262 1176 SCRIBENDO
1288 1129 1680 1196 VELOCISSIMUM]

537 1233 695 1291 Poma,
719 1239 952 1279 notarum
978 1239 1278 1295 praepetum

533 1301 707 1347 sollers
732 1304 980 1358 minister,
1004 1301 1193 1346 advola.

532 1370 766 1431 bipatens
791 1369 1008 1431 pugillar
1033 1369 1232 1431 expedi,

534 1441 615 1482 cui
640 1437 799 1483 multa
824 1436 964 1482 fandi
991 1440 1148 1499 copia,

533 1508 735 1567 punctis
760 1512 964 1567 peracta
989 1505 1216 1566 singulis,
1669 1563 1671 1566 ι
1710 1509 1738 1552 5

533 1579 590 1619 ut
616 1590 715 1619 una
739 1589 833 1618 vox
859 1572 1147 1620 absolvitur.

532 1657 628 1702 ego
654 1641 798 1686 volvo
822 1641 975 1686 libros
999 1641 1180 1687 uberes

530 1712 790 1771 instarque
815 1708 1003 1754 densae
1028 1709 1288 1770 grandinis

529 1783 758 1823 torrente
783 1776 957 1838 lingua
981 1783 1245 1839 perstrepo
1265 1795 1274 1824 :

529 1845 624 1890 tibi
649 1861 744 1890 nec
769 1861 913 1890 aures
937 1845 1220 1906 ambigunt,
1675 1847 1735 1892 10

528 1929 623 1959 nec
649 1919 924 1974 occupatur
948 1916 1132 1974 pagina

528 1987 582 2026 et
606 1987 744 2026 mota
766 1997 915 2042 parce
940 1980 1152 2026 dextera

531 2048 668 2094 volat
692 2065 782 2110 per
806 2064 993 2110 aequor
1017 2064 1232 2094 cereum.

527 2133 640 2162 cum
666 2119 884 2161 maxime
910 2132 1045 2161 nunc
1069 2116 1338 2178 proloquor

526 2184 971 2246 circumloquentis
996 2184 1206 2241 ambitu,
1671 2187 1730 2231 15

524 2259 581 2298 tu
609 2267 755 2297 sensa
779 2254 935 2297 nostri
961 2254 1179 2312 pectoris

525 2323 607 2364 vix
633 2319 769 2364 dicta
794 2322 891 2363 iam
919 2321 1043 2364 ceris
1069 2325 1229 2365 tenes.

524 2390 713 2433 sentire
739 2392 844 2431 tam
870 2385 1014 2431 velox
1039 2385 1163 2431 mihi

522 2454 707 2501 vellem
733 2453 959 2499 dedisset
983 2470 1126 2500 mens
1152 2471 1281 2512 mea,

216 2601 243 2640 b
273 2547 289 2570 1
320 2544 680 2641 Tlhetremainder
701 2544 745 2583 of
766 2544 854 2583 this
876 2558 1002 2596 poem
1024 2545 1229 2596 together
1250 2547 1357 2586 with
1390 2547 1519 2586 much
1541 2547 1629 2586 else
1650 2547 1728 2585 has

247 2615 325 2640 een
363 2614 410 2641 os
437 2632 445 2640 .

222 2695 283 2737 24
