1871 3046
780 196 1137 244 AUSONIUS

406 348 572 395 surge,
597 338 828 393 nugator,
855 329 1121 376 lacerande
1146 332 1327 390 virgis:

406 417 570 463 surge,
596 416 661 446 ne
686 399 866 461 longus
892 399 984 445 tibi
1011 413 1231 455 somnus,
1256 395 1392 442 unde

404 485 506 514 non
531 471 696 525 times,
723 467 901 514 detur:
940 482 1058 528 rape
1084 465 1310 511 membra
1334 461 1491 517 molli,

680 535 940 592 Parmeno,
964 534 1110 580 lecto.
1651 527 1712 573 20

407 636 506 682 fors
531 642 585 682 et
609 635 734 680 haee
760 651 991 680 somnum
1015 634 1110 680 tibi
1135 631 1389 678 cantilena

408 703 659 766 Sapphico
684 702 864 748 suadet
889 701 1147 747 modulata
1172 701 1351 746 versu?

411 771 622 817 Lesbiae
648 769 851 831 depelle
877 768 1083 814 modum
1109 771 1309 831 quietis,

678 854 792 882 acer
816 837 993 882 iambe.

743 966 1183 1011 IL—PARECBASIS

547 1056 702 1113 Pom,
729 1059 822 1113 eia,
848 1071 998 1118 surge
1024 1062 1078 1101 et
1103 1054 1296 1100 calceos

546 1131 599 1171 et
623 1124 835 1170 linteam
860 1123 924 1169 da
952 1123 1231 1169 sindonem.

545 1192 625 1249 da,
650 1191 897 1254 quidquid
923 1198 1017 1248 est,
1042 1194 1248 1236 amictui

545 1260 681 1323 quod
705 1263 803 1304 iam
828 1263 1032 1321 parasti,
1057 1266 1114 1305 ut
1139 1258 1392 1320 prodeam.

547 1328 611 1374 da
635 1344 746 1374 rore
771 1327 981 1373 fontano
1006 1327 1207 1372 abluam
1688 1326 1716 1370 5

546 1412 724 1442 manus
750 1402 804 1442 et
829 1412 882 1442 os
908 1402 961 1442 et
983 1395 1188 1440 lumina.

547 1470 840 1526 pateatque,
865 1463 960 1521 fac,
987 1466 1254 1509 sacrarium

546 1532 686 1578 nullo
710 1538 888 1594 paratu
915 1534 1258 1578 extrinsecus:

550 1604 630 1662 pia
655 1601 823 1657 verba,
848 1606 964 1646 vota
988 1602 1208 1656 innoxia,

549 1671 621 1714 rei
645 1668 845 1714 divinae
871 1671 1014 1730 copia
1038 1674 1129 1713 est.
1660 1665 1720 1711 10

548 1753 643 1782 nec
668 1742 750 1782 tus
777 1735 1104 1782 cremandum
1129 1734 1330 1797 postulo

549 1821 643 1850 nec
670 1804 770 1850 liba
794 1807 949 1850 crusti
973 1802 1161 1860 mellei,

549 1872 874 1934 foculumque
900 1875 998 1917 vivi
1024 1873 1258 1933 caespitis

550 1943 689 1986 vanis
714 1939 945 2002 relinquo
968 1939 1222 1985 altaribus.

552 2008 692 2054 Deus
717 2007 998 2070 precandus
1026 2014 1104 2053 est
1128 2006 1251 2052 mihi
1660 2006 1719 2050 15

551 2092 607 2121 ac
633 2076 761 2122 filius
787 2079 968 2122 summi
997 2074 1109 2132 Dei,

551 2147 786 2190 maiestas
810 2147 958 2189 unius
983 2143 1135 2200 modi,

551 2215 737 2257 sociata
761 2227 899 2257 sacro
923 2214 1115 2272 spiritu.

554 2286 606 2325 et
633 2296 750 2325 ecce
776 2282 873 2324 iam
900 2285 1015 2324 vota
1039 2277 1234 2323 ordior:

553 2353 606 2393 et
632 2350 872 2408 cogitatio
897 2349 1117 2392 numinis
1661 2345 1723 2390 20

552 2417 890 2476 praesentiam
915 2416 1074 2460 sentit
1098 2430 1299 2475 pavens.

553 2489 771 2545 pavetne
798 2481 1073 2544 quidquam
1099 2498 1230 2543 spes,
1254 2481 1415 2527 fides?
1436 2481 1451 2510 1

271 2572 287 2596 1
317 2570 477 2611 Added
507 2571 552 2609 in
582 2570 751 2622 margin
783 2569 827 2608 of
866 2569 900 2609 V
920 2569 978 2621 by
1003 2569 1077 2608 the
1099 2568 1195 2608 first¹
1217 2568 1347 2608 hand.
1411 2567 1537 2608 Some
1558 2567 1725 2607 editors

216 2627 353 2677 reject
374 2626 451 2667 the
470 2638 594 2665 verse
615 2638 662 2664 as
683 2638 739 2664 an
760 2623 1088 2675 interpolator’s
1110 2625 1366 2663 correction.

224 2699 281 2741 14
