1871 3046
879 205 1235 254 AUSONIUS

303 334 445 393 haec,
471 339 588 398 quia
613 339 687 382 uti
712 343 874 383 mater
898 339 1103 383 monitis
1130 344 1183 383 et
1208 353 1376 384 amore
1404 336 1623 394 fovebas,

371 417 617 476 supremis
642 414 801 461 reddo
826 414 954 461 filius
980 418 1220 477 exequiis.

428 587 696 636 VIL-CL
750 588 1054 635 CONTEMTUS
1104 605 1163 635 ET
1215 589 1381 635 Iumus
1431 589 1690 634 CALLIPmo

968 656 1159 703 PATRm

303 768 379 813 ΕΤ
404 774 626 829 patruos,
653 767 847 829 elegea,
874 784 1012 813 meos
1037 771 1361 814 reminiscere
1388 774 1557 825 cantu,

372 845 717 902 Contemtum,
742 845 896 892 tellus
921 862 1073 908 quem
1104 845 1360 908 Rutupina
1383 850 1518 908 tegit
1540 863 1550 901 3

302 940 486 986 magna
513 927 592 970 cui
618 931 672 969 et
696 927 861 970 variae
887 927 1114 987 quaesita
1137 927 1353 986 pecunia
1379 927 1522 970 sortis

370 1001 573 1047 heredis
598 1001 738 1048 nullo
762 1005 967 1048 nomine
993 1008 1105 1048 tuta
1130 1006 1262 1064 perit
1286 1019 1296 1057 3

302 1086 475 1143 raptus
501 1083 637 1125 enim
664 1080 810 1126 laetis
836 1086 889 1126 et
913 1079 1079 1126 adhuc
1104 1079 1398 1126 florentibus
1423 1084 1567 1126 annis
1787 1080 1814 1124 5

371 1165 509 1204 trans
534 1175 672 1204 mare
699 1165 752 1204 et
776 1161 963 1220 ignaris
988 1157 1227 1204 fratribus
1253 1161 1482 1220 oppetiit.

304 1236 462 1282 Iulius
487 1239 539 1282 in
564 1235 769 1298 longam
794 1236 1033 1298 produxit
1060 1236 1164 1283 fata
1189 1243 1464 1293 senectam,

369 1313 601 1361 adfectus
627 1314 822 1360 damnis
848 1315 1314 1361 innumerabilibus.

303 1396 388 1456 qui
413 1396 568 1439 comis
593 1392 909 1456 blandusque
937 1400 989 1440 et
1014 1409 1189 1439 mensa
1215 1392 1507 1439 commodus
1533 1399 1687 1439 uncta

368 1471 583 1518 heredes
609 1471 713 1517 solo
739 1475 943 1517 nomine
971 1488 1061 1518 nos
1087 1471 1278 1518 habuit.
1754 1471 1815 1517 10

303 1551 468 1597 Ambo
494 1553 580 1612 pii,
606 1550 749 1596 vultu
777 1550 983 1608 similes,
1007 1554 1115 1596 ioca
1141 1554 1268 1596 seria
1294 1554 1456 1607 mixti,

370 1632 480 1676 aevi
505 1628 762 1675 fortunam
788 1645 890 1674 non
915 1628 1139 1675 habuere
1164 1645 1350 1690 parem.

303 1707 508 1754 discreti
534 1724 838 1770 quamquam
863 1706 1072 1753 tumulis
1098 1713 1152 1753 et
1178 1706 1367 1753 honore
1393 1710 1583 1764 iacetis,

372 1802 639 1831 commune
666 1784 760 1831 hoc
787 1786 927 1831 vobis
951 1802 1134 1831 munus
1160 1785 1362 1841 habete,
1393 1790 1424 1811 ‘⁶
1440 1784 1597 1832 vale.’'

454 1979 922 2025 VIIL——ATTusms
968 1979 1202 2025 LUCANUS
1244 1979 1470 2025 TALISIUS
1509 1979 1670 2026 SOCER

305 2107 407 2166 Qm
433 2124 666 2170 proceres
692 2114 1021 2170 veteremque
1048 2107 1185 2153 volet
1210 2107 1467 2153 celebrare
1493 2112 1724 2153 senatum

373 2186 604 2249 claraque
629 2186 692 2231 ab
719 2192 898 2232 exortu
924 2192 1193 2232 stemmata
1220 2185 1537 2247 Burdigalae,

310 2272 460 2328 teque
485 2272 732 2326 tuumque
759 2281 921 2326 genus
945 2270 1210 2320 memoret,
1238 2264 1442 2310 Lucane
1467 2263 1635 2320 Talisi,

373 2344 594 2389 moribus
621 2346 808 2389 ornasti
834 2345 920 2405 qui
945 2349 1143 2389 veteres
1169 2359 1390 2405 proavos.

307 2420 519 2483 pulcher
545 2420 733 2466 honore
759 2423 871 2477 oris,
898 2420 1171 2484 tranquillo
1197 2427 1402 2483 pectore
1429 2423 1597 2477 comis,
1791 2421 1819 2465 5

375 2498 593 2545 facundo
618 2501 843 2560 quamvis
868 2502 1026 2544 maior
1049 2499 1112 2544 ab
1136 2502 1344 2561 ingenio
1364 2515 1373 2544 :

313 2688 374 2731 68
