1871 3046
823 213 1184 262 AUSONIUS

243 363 271 391 3
315 346 521 393 Graecis
568 347 855 393 auctoribus
907 346 1264 393 defunctorum
1320 345 1497 391 honori
1547 345 1758 402 dicatus,

243 451 346 481 non
370 437 681 494 ambitiosus,
706 436 794 482 sed
820 436 1112 498 religiosus:
1151 451 1305 497 quem
1335 434 1638 481 commendo
1662 434 1759 480 lec-

242 528 340 570 tori
364 541 494 583 meo,
528 528 632 572 sive
666 528 706 571 is
739 524 868 571 filius
906 531 984 571 est
1020 541 1108 570 seu
1146 530 1292 585 pater
1329 526 1432 569 sive
1469 529 1755 586 utrumque.

242 630 427 676 neque,
463 620 523 661 ut
556 613 748 671 laudet,
785 617 962 675 exig03
1001 618 1093 669 set,
1120 618 1178 657 ut
1208 618 1362 669 amet,
1389 611 1603 673 postulo.
1676 627 1761 658 ne-

242 720 341 767 que
380 720 498 750 vero
537 720 671 750 nunc
710 709 907 764 patrem
945 718 1116 748 meum
1152 701 1318 758 laudo,
1357 701 1493 764 quod
1532 701 1619 747 ille
1657 717 1759 747 non

243 799 364 854 eget
390 799 444 839 et
469 808 564 854 ego
590 791 826 838 functum
851 790 1195 837 oblectatione
1232 794 1512 837 viventium
1551 807 1760 837 onerare

243 898 344 926 non
386 880 564 926 debeo.
652 895 819 942 neque
863 879 976 925 dico
1018 882 1114 925 nisi
1159 879 1294 942 quod
1335 886 1637 941 agnoscunt,
1675 882 1761 941 qui

242 973 373 1032 parti
420 971 603 1015 aetatis
653 972 759 1015 eius
807 968 1166 1015 interfuerunt.
1241 967 1420 1014 falsum
1464 984 1546 1013 me
1589 974 1761 1014 autem

242 1064 404 1105 morte
446 1055 596 1123 [eius]
636 1058 775 1105 obita
813 1057 983 1104 dicere
1024 1064 1077 1104 et
1114 1075 1288 1104 verum
1325 1064 1495 1104 tacere
1533 1057 1761 1104 eiusdem

241 1147 425 1209 piaculi
452 1149 698 1193 existimo.
772 1149 979 1209 imagini
1012 1150 1167 1209 ipsius
1200 1147 1253 1192 hi
1288 1163 1458 1193 versus
1492 1148 1760 1210 subscripti

242 1242 362 1283 sunt
399 1252 567 1299 neque
607 1239 773 1282 minus
815 1239 868 1281 in
910 1236 1267 1298 opusculorum
1308 1253 1536 1283 meorum
1579 1240 1761 1284 seriem

241 1325 400 1372 relati.
464 1325 561 1371 alia
580 1328 748 1371 omnia
771 1342 884 1372 mea
909 1325 1182 1388 displicent
1206 1326 1361 1382 mihi3
1399 1325 1494 1372 hoc
1520 1326 1761 1388 relegisse

241 1432 367 1462 amO.

244 1575 445 1621 Nomen
471 1591 568 1637 ego
595 1574 864 1632 Ausonius,
891 1591 994 1620 non
1019 1575 1228 1621 ultimus
1254 1581 1363 1622 arte
1388 1575 1630 1623 medendi

312 1671 380 1723 et,
406 1680 520 1710 mea
545 1668 585 1710 si
610 1680 783 1711 nosses
808 1671 1056 1727 tempora,
1083 1667 1273 1726 primus
1304 1681 1453 1714 eram.

242 1758 428 1801 vicinas
454 1755 605 1801 urbes
632 1754 763 1801 colui
788 1757 1053 1817 patriaque
1080 1754 1349 1818 domoque,

311 1844 521 1891 Vasates
547 1846 727 1906 patria,
753 1843 843 1889 sed
869 1843 972 1889 lare
1000 1844 1339 1907 Burdigalam.

1733 1934 1760 1979 U(

243 1937 379 1979 curia
403 1949 485 1979 me
511 1932 701 1996 duplex
728 1939 781 1979 et
806 1939 1022 1995 uterque
1048 1940 1253 1979 senatus
1276 1933 1499 1979 habebat

311 2025 534 2068 muneris
562 2028 831 2078 exsortem,
859 2024 1064 2067 nomine
1091 2024 1405 2084 participem.

243 2128 343 2157 non
370 2111 585 2172 opulens
612 2128 707 2157 nec
736 2127 909 2173 egens,
935 2127 1112 2172 parcus
1139 2113 1246 2157 sine
1274 2111 1502 2158 sordibus
1530 2115 1611 2175 egi
1633 2129 1642 2158 ε

312 2204 518 2258 victum,
543 2201 793 2258 habitum,
818 2216 983 2246 mores
1009 2216 1209 2262 semper
1234 2200 1413 2246 eadem
1438 2201 1604 2249 habui.

243 2306 475 2337 sermone
500 2293 822 2351 inpromptus
850 2288 1012 2347 Latio,
1038 2305 1212 2336 verum
1241 2289 1413 2336 Attica
1437 2290 1613 2352 lingua

311 2379 508 2427 suffecit
533 2379 657 2425 culti
683 2380 886 2425 vocibus
912 2378 1111 2440 eloquii.
1700 2380 1760 2425 10

243 2468 405 2532 optuli
431 2484 580 2530 opem
607 2471 802 2514 cunctis
828 2468 1154 2529 poscentibus
1180 2471 1302 2514 artis
1327 2471 1586 2530 inemptae

311 2558 628 2620 officiumque
653 2573 823 2602 meum
850 2573 963 2602 cum
989 2560 1182 2618 pietate
1208 2556 1318 2604 fuit.

248 2718 306 2759 42
