1871 3046
817 213 1175 262 AUSONIUS

240 345 490 409 paciferae
515 349 732 408 primum
759 349 837 392 cui
865 350 1079 407 contigit
1104 346 1250 391 arbor
1275 344 1450 402 olivae,

239 423 414 468 Attica
438 421 685 467 facundae
712 424 851 467 cuius
876 437 1014 466 mera
1038 420 1196 482 gloria
1219 419 1440 481 linguae,

240 496 376 543 unde
401 513 491 558 per
519 496 688 542 Ioniae
715 495 926 558 populos
954 501 1006 541 et
1031 511 1218 540 nomen
1245 493 1507 540 Achaeum
1722 494 1748 538 5

238 587 380 618 versa
406 571 557 617 Graia
583 587 759 617 manus
786 577 990 616 centum
1017 587 1068 617 se
1096 569 1274 615 effudit
1298 572 1351 614 111
1376 569 1537 615 urbes.

486 737 900 783 xvi—emma.
976 736 1506 792 XV11.÷SYRACUSAE

237 845 363 903 QUIS
391 846 621 891 CATINAM
649 846 828 892 sileat?
868 850 977 909 quis
1003 846 1356 909 quadruplices
1383 845 1700 892 SYRACUSAS?

235 920 366 966 hanc
390 921 736 966 ambustorum
763 920 975 966 fratrum
1000 925 1192 983 pietate
1220 921 1488 978 celebrem,

234 995 372 1040 illam
399 996 696 1057 conplexam
723 995 960 1041 miracula
985 996 1140 1042 fontis
1166 1003 1219 1042 et
1243 999 1421 1053 amnis,

235 1087 334 1134 qua
356 1074 506 1117 maris
535 1071 662 1116 Ionii
689 1071 862 1117 subter
889 1070 1013 1116 vada
1039 1070 1165 1117 salsa
1189 1077 1420 1117 meantes

234 1149 526 1192 consociant
551 1145 725 1191 dulces
750 1146 936 1207 placita
961 1147 1055 1191 sibi
1081 1146 1201 1192 sede
1227 1145 1462 1208 liquores,

229 1224 633 1283 incorruptarum
658 1224 930 1267 miscentes
957 1220 1125 1266 oscula
1151 1237 1405 1283 aquarum.

1720 1147 1746 1192 Ol

760 1386 1223 1433 XVIII.———T0LOSA

229 1498 346 1544 NON
372 1514 610 1561 umquam
638 1498 867 1544 altricem
893 1501 1052 1543 nostri
1077 1499 1303 1544 reticebo
1329 1497 1580 1555 TOLOSAM,

228 1573 492 1620 coctilibus
518 1577 673 1619 muris
700 1589 850 1636 quam
877 1576 1056 1618 circuit
1079 1574 1299 1619 ambitus
1324 1576 1506 1635 ingens

227 1665 419 1712 perque
445 1648 577 1694 latus
602 1648 815 1710 pulchro
839 1648 1149 1710 praelabitur
1174 1664 1324 1694 amne
1352 1648 1626 1705 Garumna,

228 1727 506 1770 innumeris
532 1723 719 1769 cultam
747 1723 960 1786 populis,
987 1723 1201 1768 confinia
1227 1730 1434 1785 propter

228 1799 473 1861 ninguida
504 1798 722 1861 Pyrenes
750 1805 803 1845 et
827 1802 977 1860 pinea
1004 1799 1375 1856 Cebennarum,
1714 1800 1742 1844 5

229 1876 364 1920 inter
391 1874 670 1936 Aquitanas
696 1880 879 1935 gentes
906 1880 959 1920 et
983 1890 1171 1919 nomen
1199 1874 1466 1920 Hiberum.

229 1965 357 2011 quae
382 1948 533 1994 modo
559 1948 912 2011 quadruplices
939 1966 1000 1994 ex
1028 1965 1079 1994 se
1103 1965 1215 1994 cum
1245 1948 1479 1995 effuderit
1505 1950 1669 2006 urbes,

229 2040 331 2069 non
357 2023 458 2069 ulla
484 2023 759 2070 exhaustae
786 2027 944 2069 sentit
969 2023 1235 2085 dispendia
1261 2023 1438 2085 plebis,

229 2115 352 2162 quos
377 2102 558 2161 genuit
583 2105 792 2144 cunctos
817 2101 1010 2159 gremio
1035 2098 1281 2160 conplexa
1307 2098 1544 2144 colonos.1

666 2186 676 2210 ¹
710 2187 863 2228 MSS:
896 2187 1062 2235 colono,
1090 2187 1260 2237 Peiper.

286 2291 299 2315 ³
330 2291 397 2330 ie.
423 2290 550 2330 those
580 2291 679 2330 who
709 2291 816 2330 with
850 2291 1016 2331 Neleus
1045 2290 1133 2329 and
1164 2289 1426 2337 Androclus,
1460 2289 1537 2328 the
1567 2302 1667 2328 sons
1697 2289 1743 2328 of

231 2346 415 2393 Codrus,
440 2347 543 2384 took
567 2352 670 2396 part
690 2347 734 2384 in
756 2346 833 2385 the
855 2350 980 2397 great
1001 2345 1154 2384 Ionian
1178 2345 1425 2396 migration.

287 2401 304 2425 2
330 2401 545 2452 Syracuse
575 2400 820 2451 comprised
850 2401 949 2439 four
979 2398 1440 2451 quartem—Ortygia,
1468 2397 1736 2447 Achradina,

234 2455 396 2508 Tyche,
421 2453 508 2493 and
532 2453 768 2506 Neapolis:
802 2468 872 2493 see
894 2455 977 2493 Cic.
1008 2454 1053 2492 in
1080 2455 1195 2494 Vcrr.
1222 2455 1321 2493 Act.
1350 2465 1401 2491 11.
1420 2454 1475 2492 iv.
1503 2454 1556 2492 52
1572 2452 1599 2492 f.

286 2509 302 2534 3
330 2509 653 2560 Amphinomus
694 2509 780 2548 and
828 2509 1040 2560 Anapias,
1080 2509 1178 2547 who
1214 2507 1383 2547 carried
1414 2507 1531 2546 their
1558 2511 1740 2559 parents

227 2570 306 2604 out
336 2564 382 2603 of
421 2563 498 2602 the
531 2562 722 2616 burning
752 2568 872 2603 town
901 2563 1027 2602 when
1057 2563 1174 2602 Etna
1203 2576 1292 2602 was
1323 2563 1368 2601 in
1399 2562 1635 2614 eruption:
1669 2575 1738 2601 see

231 2618 405 2667 Strabo,
429 2631 470 2669 p.
499 2618 606 2665 269;
636 2618 793 2669 Aetna,
819 2618 862 2658 ll.
892 2619 971 2658 624
994 2617 1035 2658 ff.

232 2698 326 2756 278
