1871 3046
812 184 1167 233 AUSONIUS

797 358 1183 404 VL—DmMEm

237 486 502 533 ConTUR
527 486 608 533 hic
634 490 866 549 genitore
892 488 1024 533 bono
1048 486 1226 533 melior
1252 486 1543 544 Diomedes,

236 570 427 613 crimen
453 568 517 614 ob
543 571 709 614 uxoris
734 567 908 630 pulsus
934 567 1187 614 dotalibus
1213 567 1379 630 Argis,

236 648 539 712 Argyripam
565 649 823 712 clarosque
849 652 965 695 viris
991 652 1077 713 qui
1102 649 1331 696 condidit
1355 649 1535 713 Arpos,

237 729 412 776 clarior
437 731 560 777 urbe
586 747 714 777 nova
739 734 931 793 pat-riae
957 748 1107 794 quam
1134 731 1254 778 sede
1281 738 1493 779 vetusta.

747 983 1234 1031 VIL—ANTiLOCHO

237 1100 478 1147 CONSILIIS
505 1101 740 1165 belloque
765 1103 945 1160 bonus,
970 1119 1098 1166 quae
1125 1104 1304 1166 copula
1329 1120 1437 1150 rara
1463 1110 1556 1162 est,

305 1200 446 1230 carus
472 1190 525 1230 e'c
550 1184 759 1241 Atridis,
786 1202 928 1232 carus
954 1192 1007 1232 et
1032 1185 1268 1233 Aeacidis
1289 1203 1298 1232 :

238 1269 457 1327 praemia
484 1269 684 1313 virtutis
711 1267 858 1313 simul
887 1274 940 1314 et
964 1271 1170 1330 pietatis
1195 1269 1424 1331 adeptus,

306 1354 503 1394 servato
529 1348 833 1395 Antilochus
861 1349 1078 1396 Nestore
1104 1357 1249 1412 patre
1275 1351 1386 1397 obii.

237 1447 341 1476 non
364 1429 446 1476 hic
472 1430 593 1476 ordo
618 1430 744 1477 fuit:
783 1437 860 1477 set
885 1435 1062 1478 iustius
1089 1432 1175 1478 ille
1201 1440 1473 1495 supersteS,

306 1511 453 1558 Troia
476 1515 586 1574 capi
611 1516 719 1559 sine
745 1530 843 1576 quo
870 1513 1061 1575 perfida
1086 1531 1187 1560 non
1213 1522 1427 1577 poterat.

778 1747 1219 1793 vlu—Naswom

242 1865 357 1910 Hoc
384 1871 530 1927 tegor
555 1868 607 1910 in
632 1864 830 1911 tumulo
855 1868 1021 1928 quarti
1046 1867 1145 1910 iam
1170 1865 1409 1928 prodigus
1434 1870 1543 1913 aevi

309 1947 512 2005 Nestor,
539 1947 746 1993 consilio
773 1947 933 1993 clarus
960 1953 1012 1994 et
1038 1947 1251 2010 eloquio.

239 2030 426 2075 obiecit
451 2045 560 2075 sese
587 2032 726 2075 cuius
752 2045 841 2091 pro
866 2036 1029 2075 morte
1056 2035 1350 2091 peremptus

306 2110 436 2157 filius
462 2117 515 2157 et
541 2114 647 2158 nati
673 2111 881 2157 vulnere
907 2114 1018 2157 vivo
1043 2117 1200 2173 pater.

240 2193 372 2239 eheu
398 2209 485 2239 cur
509 2192 625 2239 fatis
650 2192 917 2255 disponere
945 2196 1013 2239 sic
1037 2192 1207 2254 placet
1232 2209 1427 2250 aevum,

307 2282 412 2321 tam
435 2275 646 2336 longum
671 2281 729 2321 ut
753 2276 914 2332 nobis,
940 2281 1043 2321 ’cam
1071 2276 1225 2322 breve
1251 2282 1308 2321 ut
1334 2275 1644 2322 Antilocho?

302 2427 314 2449 ¹
347 2426 468 2476 Pepl.
500 2427 561 2465 14.

1723 1435 1750 1479 Q(

1723 2196 1750 2240 U!

298 2481 313 2505 2
343 2480 539 2532 Aegiale,
583 2479 803 2530 daughter
843 2480 888 2519 of
930 2481 1163 2521 Adrastus.
1228 2481 1314 2521 She
1356 2495 1443 2522 was
1486 2481 1652 2522 incited
1693 2481 1752 2541 by

244 2534 492 2587 Aphrodite
522 2539 569 2575 to
599 2534 957 2574 unfaithfulness.

250 2676 340 2720 144
