1871 3046
866 209 1224 258 AUSONIUS

358 340 491 386 Nate
516 344 671 403 patris
696 345 876 388 summi
902 349 1174 406 nostroque
1201 343 1429 390 salutifer
1454 360 1593 401 aevo,

288 432 502 476 virtutes
524 434 710 492 patrias
735 435 938 494 genitor
963 436 1042 478 cui
1066 432 1278 478 tradidit
1303 448 1496 489 omnes,

287 517 359 563 nil
385 535 446 565 ex
472 519 659 566 invidia
683 524 910 567 retinens
935 521 1218 583 plenusque
1244 519 1495 576 datorum,

287 607 454 668 pande
485 611 617 654 viam
650 611 882 671 precibus
917 612 1205 671 patriasque
1237 607 1363 654 haec
1396 607 1566 669 perfer
1597 607 1661 653 ad

423 715 580 745 aures.
1736 697 1798 742 30

358 785 452 844 Da,
467 794 628 848 pater,
645 790 886 833 invictam
903 793 1078 833 contra
1094 790 1260 832 omnia
1277 790 1485 832 crimina
1501 792 1727 832 mentem

286 876 647 936 vipereumque
672 873 815 920 nefas
841 878 1058 921 nocituri
1083 881 1255 921 averte
1282 879 1479 921 veneni.

288 965 353 1008 sit
377 965 514 1020 satis,
538 966 800 1025 antiquam
825 980 1033 1025 serpens
1059 963 1194 1026 quod
1220 963 1444 1025 prodidit
1470 963 1694 1009 Aevvam

287 1051 664 1115 deceptumque
689 1053 920 1099 adiunxit
946 1053 1111 1099 Adam
1132 1070 1141 1099 ฮต
1179 1070 1269 1100 nos
1295 1070 1404 1100 sera
1429 1061 1674 1116 nepotum

288 1144 497 1199 semina,
522 1141 753 1188 veridicis
779 1142 898 1187 olim
925 1143 1184 1205 praedicta
1208 1142 1486 1204 prophetis,
1736 1143 1798 1186 35

290 1233 504 1277 vitemus
529 1231 750 1294 laqueos,
776 1248 900 1295 quos
925 1232 1096 1279 letifer
1121 1233 1332 1295 inplicat
1356 1236 1548 1295 anguis.

360 1319 531 1366 Pande
551 1323 698 1377 viam,
716 1337 845 1383 quae
871 1338 953 1367 me
980 1329 1094 1383 post
1120 1322 1319 1367 vincula
1345 1325 1564 1383 corporis
1591 1324 1728 1383 aegri

288 1413 339 1455 in
366 1409 580 1456 sublime
606 1409 752 1468 ferat,
778 1414 889 1472 puri
915 1427 1013 1473 qua
1037 1411 1201 1457 lactea
1227 1411 1352 1457 caeli

288 1501 468 1545 semita
492 1506 732 1546 ventosae
758 1506 963 1561 superat
989 1516 1113 1562 vaga
1137 1500 1310 1545 nubila
1335 1500 1500 1556 lunae,

289 1604 387 1650 qua
411 1605 646 1650 proceres
670 1589 840 1635 abiere
866 1592 932 1650 pii
960 1605 1158 1651 quaque
1184 1592 1386 1651 integer
1409 1588 1529 1634 olim
1740 1588 1803 1633 40

289 1683 462 1738 raptus
488 1677 785 1740 quadriiugo
811 1684 1049 1740 penetrat
1073 1695 1224 1740 super
1246 1695 1362 1724 aera
1386 1694 1531 1723 curru

291 1765 426 1812 Elias
452 1773 506 1813 et
530 1767 689 1813 solido
715 1784 829 1813 cum
855 1784 1061 1830 corpore
1086 1771 1317 1830 praevius
1344 1767 1533 1813 Enoch.

359 1855 454 1912 Da,
479 1863 641 1918 pater,
664 1860 862 1903 aeterni
885 1864 1139 1919 speratam
1163 1857 1366 1902 luminis
1392 1873 1579 1912 auram,

291 1946 331 1990 si
355 1943 549 2007 lapides
575 1961 677 1991 non
702 1949 810 1991 iuro
835 1945 956 1992 deos
982 1962 1240 2008 unumque
1266 1945 1473 1990 verendi

291 2037 568 2095 suspiciens
593 2035 752 2081 altare
777 2038 902 2081 sacri
927 2035 1166 2081 libamina
1191 2038 1326 2080 vitae
1739 2035 1801 2079 45

292 2128 595 2170 intemerata
619 2124 757 2171 fero:
793 2129 832 2171 si
856 2132 909 2171 te
935 2125 1227 2186 dominique
1253 2123 1438 2185 deique

294 2216 544 2274 unigenae
570 2230 817 2275 cognosco
842 2220 1039 2275 patrem
1063 2217 1380 2275 mixtumque
1406 2212 1618 2268 duobus,

293 2304 378 2364 qui
404 2318 555 2363 super
578 2317 851 2364 aequoreas
875 2302 1119 2347 volitabat
1144 2305 1347 2363 spiritus
1373 2300 1572 2346 undas.1

362 2389 458 2447 Da,
483 2393 701 2451 genitor,
727 2394 925 2435 veniam
952 2393 1271 2452 cruciataque
1298 2396 1504 2451 pectora
1529 2405 1688 2450 purga
1711 2404 1721 2432 t

294 2482 332 2525 si
358 2485 411 2526 te
437 2496 540 2525 non
565 2479 818 2541 pecudum
845 2479 994 2537 fibris,
1021 2496 1122 2524 non
1149 2483 1394 2541 sanguine
1419 2477 1530 2524 fuso
1740 2478 1803 2523 50

886 2606 901 2629 ยน
935 2605 1105 2644 Genesis
1126 2606 1151 2645 i.
1178 2607 1215 2645 2.

303 2686 361 2730 18
