1871 3046
793 198 1148 245 AUSONIUS

519 346 668 392 quam
693 333 948 392 praepetis
972 330 1181 376 dextrae
1207 329 1328 391 fuga
1660 328 1721 373 20

519 403 573 443 tu
601 414 682 443 me
706 397 1003 460 loquentem
1029 400 1306 459 praevenis.

589 465 732 523 Quis,
756 482 958 528 quaeso,
983 468 1093 527 quis
1119 481 1200 510 me
1227 464 1483 526 prodidit?

526 536 635 595 quis
660 537 755 579 ista
779 537 877 578 iam
902 533 1032 579 dixit
1055 534 1165 588 tibi,

519 617 647 663 quae
672 602 955 662 cogitabam
978 600 1183 646 dicere?

520 685 649 730 quae
673 668 809 714 furta
833 668 982 713 corde
1008 671 1060 712 in
1086 670 1266 712 intimo
1663 667 1723 712 25

520 742 725 782 exercet
749 735 853 781 ales
877 735 1122 781 dextera?

523 807 632 865 quis
657 803 779 849 ordo
805 819 973 849 rerum
997 809 1102 848 tam
1128 819 1301 860 novus,

523 874 693 916 veniat
716 874 769 915 in
792 887 937 917 aures
962 877 1020 916 ut
1043 877 1171 927 tuas,

522 939 657 1001 quod
681 938 856 1001 lingua
879 938 1106 984 nondum
1128 939 1400 984 absolverit
1419 940 1436 984 ?

524 1007 754 1053 doctrina
779 1023 881 1052 non
908 1006 1001 1052 hoc
1026 1009 1282 1069 praestitit
1665 1005 1728 1051 30

523 1091 617 1121 nec
642 1074 745 1121 ulla
768 1081 873 1120 tam
900 1075 1044 1120 velox
1068 1091 1246 1121 manus

526 1142 825 1205 celeripedis
851 1142 1168 1205 compendii:

522 1217 703 1257 natura
725 1227 908 1257 munus
933 1210 1028 1256 hoc
1053 1211 1146 1257 tibi

524 1279 750 1341 deusque
775 1279 965 1324 donum
989 1278 1216 1336 tradidit,

525 1363 653 1409 quae
679 1347 928 1409 loquerer,
956 1353 1012 1392 ut
1036 1350 1188 1393 scires
1212 1350 1349 1408 prius
1666 1345 1727 1391 35

526 1415 763 1478 idemque
791 1415 963 1472 velles,
988 1414 1123 1477 quod
1149 1415 1273 1460 volo.

915 1595 1041 1640 VIII

221 1706 560 1772 [Disc‘UTiUN'r
585 1707 728 1751 nobis
754 1706 976 1768 placidos
1003 1712 1239 1767 portenta
1263 1723 1483 1768 sopores,

223 1775 389 1838 qualia
414 1777 666 1831 miramur,
693 1791 808 1819 cum
834 1777 1031 1835 saepius
1055 1773 1265 1820 aethere
1290 1777 1342 1819 in
1365 1773 1469 1819 alto

222 1842 495 1889 conciliant
519 1845 676 1887 varias
703 1848 851 1888 coetu
880 1858 1004 1904 vaga
1028 1837 1201 1887 nubila
1226 1839 1431 1906 formas]
1451 1842 1464 1871 1

221 1910 609 1974 quadrupedum
634 1916 688 1956 et
713 1909 988 1967 volucrum,
1013 1909 1092 1956 vel
1119 1926 1234 1955 curn
1258 1916 1461 1956 terrena
1485 1913 1689 1956 marinis

222 1985 448 2025 monstra
471 1978 843 2033 admiscentur3
880 1977 1044 2023 donec
1068 1978 1401 2040 purgantibus
1427 1981 1558 2023 euris

224 2046 442 2093 difflatae
465 2045 715 2109 liquidum
738 2052 1020 2092 tenuentur
1043 2049 1096 2091 in
1121 2062 1237 2091 area
1260 2046 1433 2091 nubes.

225 2131 360 2160 nunc
385 2113 508 2171 fora,
533 2131 668 2159 nunc
694 2114 826 2171 lites,
851 2114 942 2159 lati
968 2113 1117 2159 modo
1142 2130 1325 2175 pompa
1350 2113 1540 2159 theatri

227 2186 430 2228 visitur:
468 2188 522 2227 et
545 2188 736 2228 turmas
762 2185 991 2244 equitum
1017 2181 1298 2243 caedesque
1323 2180 1577 2227 latronum
1706 2182 1733 2226 5

229 2253 516 2313 perpetior:
553 2249 742 2295 lacerat
766 2256 963 2295 nostros
988 2248 1094 2295 fera
1118 2248 1268 2294 belua
1292 2248 1461 2295 vultus

225 2324 315 2365 aut
338 2321 390 2363 in
416 2320 693 2379 sanguinea
717 2316 886 2378 gladio
908 2332 1192 2378 grassamur
1217 2316 1418 2365 harena.

287 2434 303 2458 1
334 2433 526 2475 Schenkl
557 2432 762 2472 observes
798 2432 899 2471 that
928 2445 953 2470 a
983 2431 1071 2470 leaf
1099 2433 1356 2484 containing
1386 2432 1462 2472 the
1483 2432 1568 2471 end
1588 2432 1633 2471 of
1663 2432 1738 2471 the

232 2487 484 2540 Ephemeris
517 2486 603 2526 and
635 2487 710 2526 the
740 2486 979 2538 beginning
1009 2485 1054 2524 of
1082 2486 1172 2525 this
1194 2500 1319 2537 poem
1341 2487 1419 2526 has
1441 2486 1574 2526 fallen
1596 2491 1675 2526 out
1695 2486 1741 2526 of

231 2544 308 2584 the
329 2543 582 2594 archetype.
645 2541 738 2580 The
759 2541 1052 2580 Translator's
1074 2541 1354 2592 supplement
1374 2543 1436 2592 (in
1459 2541 1681 2590 brackets)
1702 2541 1739 2580 is

232 2596 445 2638 intended
468 2602 514 2636 to
534 2601 713 2649 suggest
736 2595 809 2635 the
826 2595 1001 2648 general
1023 2608 1146 2634 sense
1168 2595 1472 2649 immediately
1484 2595 1734 2649 preceding.

238 2677 297 2723 26
