1871 3046
787 205 1146 254 AUSONIUS

204 340 315 383 vive
343 343 396 383 et
422 340 668 384 amicitias
693 353 894 400 semper
921 337 1322 384 cole—Crimen
1348 339 1412 384 ob
1438 337 1577 384 istud

210 412 645 476 Pythagoreorum
670 416 822 475 periit
849 412 1019 458 schola
1045 412 1194 458 docta
1220 412 1579 474 sophorum.—

209 488 306 534 hoc
331 494 568 534 metuens
593 490 749 549 igitur
775 487 938 533 nullas
965 486 1366 533 cole—Crimen
1392 489 1456 534 ob
1480 488 1619 535 istud

209 562 392 609 Timon
421 562 654 608 Palladiis
679 561 799 607 olim
823 561 1076 623 lapidatus
1103 560 1335 607 Athenis.

210 637 425 684 dissidet
450 638 697 699 ambiguis
725 652 926 698 semper
950 653 1093 682 mens
1121 637 1267 682 obvia
1293 640 1437 695 votis,
1666 639 1727 684 35

209 729 305 758 nec
331 712 546 758 voluisse
573 712 765 757 homini
791 715 911 757 satis
939 718 1047 758 est:
1085 718 1261 774 optata
1286 719 1499 760 recusat.

209 803 319 834 esse
345 790 398 832 in
422 787 613 832 honore
639 786 826 848 placet,
850 802 965 832 mox
992 790 1253 848 paenitet:
1294 794 1348 833 et
1372 787 1620 834 dominari

210 869 267 908 ut
292 864 504 923 possint,
530 864 715 907 servire
742 860 933 907 volunt.
1008 861 1145 908 idem
1170 869 1347 909 auctus
1373 862 1564 910 honore

207 936 429 982 invidiae
455 937 684 983 obicitur.
759 952 953 998 pernox
980 943 1058 983 est
1083 954 1200 983 cura
1226 937 1457 994 disertis3

209 1018 288 1058 set
313 1011 451 1058 rudis
477 1018 656 1058 ornatu
683 1015 817 1058 vitae
844 1019 996 1059 caret.
1073 1019 1182 1059 esto
1209 1019 1466 1075 patronus,
1666 1015 1729 1061 40

211 1093 265 1133 et
291 1085 514 1132 defende
540 1103 681 1132 reos:
720 1093 799 1133 set
824 1090 988 1149 gratia
1012 1104 1122 1133 rara
1148 1088 1363 1135 clientis.

211 1168 320 1208 esto
346 1162 503 1208 cliens
525 1179 534 1207 ε
571 1165 735 1224 gravis
761 1166 985 1224 imperiis
1012 1179 1225 1225 persona
1252 1167 1464 1226 patroni.

212 1244 456 1284 exercent
480 1236 616 1282 hunc
642 1244 759 1284 vota
783 1245 985 1299 patrum
1007 1255 1015 1283 :
1052 1255 1168 1284 mox
1194 1255 1370 1301 aspera
1396 1243 1526 1286 curis

206 1312 500 1359 sollicitudo
527 1313 676 1360 subit.
752 1316 1099 1360 contemnitur
1124 1315 1244 1359 orba
1270 1321 1506 1360 senectus

212 1394 266 1434 et
291 1390 564 1450 captatoris
590 1387 777 1449 praeda
805 1394 882 1433 est
908 1387 1111 1434 heredis
1139 1404 1345 1450 egenus,
1667 1390 1728 1435 45

209 1466 363 1509 vitam
390 1478 568 1524 parcus
594 1479 711 1525 agas
734 1480 742 1508 ε
779 1463 913 1509 avidi
937 1463 1225 1509 lacerabere
1252 1463 1402 1521 fama,

205 1544 261 1584 et
288 1537 584 1599 largitorem
610 1541 811 1599 gravius
837 1554 1049 1584 censura
1073 1539 1285 1584 notabit.

207 1619 394 1659 cuncta
419 1613 513 1658 tibi
539 1612 761 1659 adversis
788 1616 1039 1659 contraria
1064 1615 1272 1660 casibus.
1349 1630 1470 1676 ergo

207 1691 400 1751 optima
427 1687 696 1734 Graiorum
722 1692 1010 1735 sententia:
1049 1693 1237 1751 quippe
1264 1689 1459 1734 homini
1484 1692 1628 1735 aiunt

208 1780 311 1810 non
332 1766 469 1809 nasci
496 1779 605 1810 esse
625 1763 815 1809 bonum
836 1770 924 1809 aut
944 1770 1120 1810 natum
1141 1767 1242 1810 cito
1262 1770 1426 1811 morte
1446 1767 1611 1826 potiri.
1667 1765 1729 1811 50

275 1834 483 1902 [Haec1
521 1837 728 1900 quidem
769 1837 1106 1900 Pythagorica
1140 1844 1218 1884 est
1249 1838 1516 1900 apophasis
1550 1854 1727 1886 secun-

207 1913 330 1959 dum
354 1912 458 1959 tale
485 1913 621 1975 quod
648 1913 937 1959 subiectum
965 1920 1043 1960 est
1069 1913 1325 1960 distichon
1347 1932 1356 1960 ε

379 2007 564 2064 πρῶτον
587 2004 673 2064 μὲν
696 2003 762 2064 μὴ
791 2006 931 2064 φῦναι
958 2007 1004 2051 ἐν
1031 2004 1344 2065 ἀνθρώποισιν
1369 2004 1578 2065 ἄριστον,

380 2070 592 2133 δεύτερον
619 2071 718 2117 ὅττι
739 2072 944 2134 τάχιστα
969 2072 1122 2122 πύλας
1146 2069 1305 2118 Ἀίδαο
1330 2072 1571 2133 περῆσαι.2

260 2179 277 2203 1
307 2179 383 2218 All
404 2179 508 2218 that
530 2178 703 2218 follows
726 2179 753 2218 1.
782 2179 835 2219 50
856 2179 893 2218 is
923 2179 1061 2219 found
1092 2180 1196 2232 only
1220 2180 1265 2219 in
1289 2179 1349 2219 P1
1372 2180 1459 2220 and
1486 2181 1543 2221 its
1565 2180 1724 2234 depen-

206 2234 316 2274 dent
339 2232 467 2274 MSS.

261 2290 278 2312 '³
308 2302 371 2340 cp.
396 2288 630 2340 Theognis,
654 2289 748 2337 425,
772 2289 851 2331 427
874 2305 882 2329 :

478 2359 642 2399 πάντων
668 2359 742 2405 μὲν
760 2361 815 2410 μὴ
837 2363 957 2411 φῦναι
981 2362 1275 2412 ἐπιχθονίοισιν
1297 2363 1463 2415 ἄριστον

480 2445 611 2496 φύντα
633 2447 664 2485 δ’
690 2447 795 2485 ὅπως
817 2449 972 2487 ὤκιστα
993 2448 1124 2489 πύλας
1145 2450 1278 2489 Ἀίδαο
1301 2453 1492 2501 περῆσαι.

261 2560 274 2584 ²
304 2574 357 2601 sc.
387 2561 462 2600 the
492 2560 791 2600 brotherhood
813 2560 961 2601 bound
993 2564 1197 2615 together
1221 2564 1278 2616 by
1301 2578 1419 2604 vows
1443 2564 1639 2604 founded
1665 2564 1724 2617 by

209 2615 487 2668 Pythagoras
517 2619 565 2654 at
596 2614 773 2655 Croton.
837 2616 930 2655 The
959 2618 1172 2670 populace
1202 2618 1378 2658 became
1409 2620 1654 2672 suspicions
1685 2619 1730 2659 of

209 2670 298 2710 this
321 2671 490 2723 society
512 2669 599 2710 and
621 2670 866 2710 massacred
890 2671 967 2711 tho
988 2672 1215 2714 members.

221 2739 313 2784 166
