1871 3046
768 178 1126 227 AUSONIUS

191 327 361 358 versus
410 311 657 369 heroicus,
706 314 976 357 convenire
1026 317 1085 357 ut
1135 314 1293 373 possit
1348 318 1436 358 aut
1488 311 1706 371 penthe-

190 396 413 440 mimeris
450 410 563 440 cum
599 393 794 456 reliquo
830 396 1162 455 anapaestico,
1193 400 1281 439 aut
1315 393 1566 440 trochaice
1593 410 1705 440 cum

189 478 466 539 posteriore
493 483 777 538 segmento,
802 482 890 521 aut
916 482 1112 537 septem
1139 475 1424 538 semipedes
1450 492 1564 522 cum
1589 493 1706 522 ana-

188 563 412 622 paestico
438 559 655 617 chorico,
681 566 769 605 aut
794 566 1103 621 <ponatur>
1128 566 1242 621 post
1267 559 1527 622 dactylum
1552 566 1706 623 atque

189 642 503 704 semipedem
551 641 798 704 quidquid
847 648 1004 688 restat
1052 641 1379 688 hexametro:
1441 642 1602 688 simile
1651 649 1709 689 ut

189 725 323 771 dicas
372 724 581 780 ludicro,
630 724 764 787 quod
816 724 996 770 Graeci
1044 724 1391 770 ostomachion
1450 741 1704 772 vocavere.

189 807 400 853 ossicula
426 823 485 852 ea
510 813 658 853 sunt:
695 806 756 852 ad
797 823 1042 852 summam
1081 807 1488 869 quattuordecim
1526 807 1708 870 figuras

188 892 521 952 geometricas
545 888 754 936 habent.
829 896 948 935 sunt
983 892 1119 934 enim
1154 889 1436 952 aequaliter
1460 893 1709 953 triquetra

188 970 267 1017 vel
295 974 519 1017 extentis
551 970 699 1016 lineis
734 971 812 1016 vel
848 968 1120 1036 [eiusdem]
1147 971 1343 1028 frontis,
1372 970 1473 1037 [vel
1500 974 1669 1035 rectis]
1692 973 1712 1004 1

186 1052 384 1114 angulis
406 1051 486 1098 vel
505 1052 721 1114 obliquis
741 1069 750 1098 :
788 1052 997 1098 isoscele
1018 1056 1111 1114 ipsi
1133 1053 1212 1099 vel
1234 1053 1485 1115 isopleura
1511 1062 1707 1113 vocant,

187 1134 487 1196 orthogonia
524 1150 726 1197 quoque
764 1141 817 1181 et
853 1134 1067 1183 scalena.
1142 1135 1320 1182 harum
1351 1137 1708 1184 verticularum

187 1220 332 1262 variis
361 1219 675 1278 coagmentis
702 1216 1004 1263 simulantur
1029 1221 1223 1279 species
1242 1218 1382 1265 mille
1403 1218 1676 1265 formarum
1697 1238 1707 1267 z

186 1299 529 1362 helephantus
566 1298 716 1345 belua
754 1305 842 1344 aut
880 1316 1002 1361 aper
1040 1300 1218 1356 bestia,
1259 1317 1407 1347 anser
1444 1301 1616 1348 volans
1657 1308 1710 1348 et

187 1381 424 1427 mirmillo
458 1384 511 1426 in
544 1384 710 1437 armis,
737 1381 1000 1427 subsidens
1026 1388 1238 1428 venator
1264 1389 1316 1428 et
1341 1383 1529 1429 latrans
1556 1387 1707 1442 canis,

186 1468 309 1528 quin
348 1470 400 1510 et
436 1466 588 1510 turris
627 1469 680 1509 et
717 1462 988 1509 cantharus
1027 1470 1080 1509 et
1116 1463 1212 1510 alia
1248 1464 1535 1512 huiusmodi
1561 1470 1707 1513 innu-

186 1545 506 1593 merabilium
539 1545 824 1607 figurarum,
853 1562 982 1608 quae
1008 1545 1133 1592 alius
1159 1546 1256 1592 alio
1283 1551 1523 1594 scientius
1549 1552 1707 1595 varie-

187 1635 324 1692 gant.
401 1627 490 1674 sed
521 1630 799 1690 peritorum
826 1631 1147 1675 concinnatio
1173 1629 1470 1675 miraculum
1497 1638 1586 1688 est,
1617 1635 1707 1676 im-

186 1714 465 1773 peritorum
501 1713 735 1756 iunctura
771 1709 1052 1756 ridiculum.
1129 1727 1228 1773 quo
1265 1712 1527 1773 praedicto
1565 1716 1706 1769 scies,

187 1792 322 1856 quod
353 1808 448 1854 ego
482 1794 812 1854 posteriorem
845 1795 1071 1838 imitatus
1105 1809 1228 1841 sum.

256 1874 372 1919 Hoc
410 1890 531 1936 ergo
569 1876 801 1920 centonis
838 1874 1135 1935 opusculum
1169 1881 1227 1920 ut
1265 1874 1350 1921 ille
1388 1875 1536 1922 ludus
1578 1883 1707 1922 trac-

186 1962 340 2012 tatur,
401 1960 508 2017 pari
566 1955 717 2001 modo
778 1972 952 2002 sensus
1025 1956 1209 2003 diversi
1280 1964 1337 2003 ut
1409 1965 1706 2021 congruant,

185 2039 422 2100 adoptiva
453 2054 582 2101 quae
617 2045 751 2095 sunt,
788 2045 845 2084 ut
875 2045 1091 2101 cognata
1125 2039 1410 2098 videantur,
1440 2041 1605 2087 aliena
1642 2058 1705 2087 ne

186 2121 558 2167 interluceant:
619 2125 858 2167 arcessita
907 2137 971 2167 ne
1021 2124 1122 2167 vim
1172 2122 1495 2185 redarguant,
1549 2123 1706 2170 densa

185 2220 250 2250 ne
300 2220 449 2266 supra
490 2203 697 2250 modum
746 2204 1100 2265 protuberent,
1144 2204 1313 2251 hiulca
1362 2222 1426 2252 ne
1475 2212 1700 2268 pateant.

240 2325 252 2348 ¹
284 2326 339 2367 So
386 2326 568 2378 Peiper:
619 2327 891 2379 aequilatera
932 2328 1001 2367 vcl
1042 2328 1264 2380 triquetra
1296 2360 1302 2368 .
1340 2361 1347 2369 .
1387 2359 1395 2368 .
1432 2329 1500 2367 vel
1541 2329 1702 2368 frontis

184 2382 357 2433 angulis
388 2382 457 2421 vel
489 2382 695 2434 obliquis,
729 2381 860 2422 MSS.

236 2517 249 2540 1
279 2531 333 2557 sc.
363 2519 447 2557 “A
469 2518 621 2558 Battle
643 2518 688 2558 of
717 2519 905 2558 Bones.''
965 2519 1051 2558 For
1075 2520 1149 2560 the
1171 2526 1329 2560 nature
1361 2521 1406 2560 of
1436 2521 1525 2560 this
1546 2520 1699 2572 puzzle

181 2585 251 2612 see
273 2572 526 2625 Appendix,
550 2587 591 2626 p.
619 2575 715 2614 395.

185 2662 283 2711 374
