1871 3046
807 191 1164 239 AUSONIUS

394 343 817 403 xlv—QUOTAE
855 345 1129 389 KALENDAE
1163 359 1272 390 SINT
1309 345 1566 390 MENSUUM

815 411 1146 458 SINGULORUM

228 525 354 570 PosT
380 524 507 582 idus,
534 541 655 587 quas
682 528 892 586 quisque
919 539 1031 569 suas
1057 522 1214 569 habet
1239 522 1415 570 ordine
1441 527 1645 581 mensis,

224 607 450 654 diversae
476 623 688 652 numero
714 606 934 651 redeunt
960 608 1185 650 variante
1211 604 1478 662 kalendae,

223 688 345 735 dum
367 687 622 753 [vertente
643 704 774 732 anno
791 684 830 751 1]
852 702 1150 749 rursumque
1171 689 1457 749 iterumque
1479 693 1739 746 vocantur,

223 776 280 816 ut
304 770 514 817 tandem
540 773 701 832 optati
727 768 1008 830 procedant
1032 771 1275 830 temporis
1302 775 1430 815 ortU.

221 859 302 898 ter
326 856 459 899 senis
484 868 686 914 unoque
713 851 795 897 die
822 850 1041 912 genialia
1064 850 1197 897 festa
1710 853 1737 898 5

221 937 448 996 porrigit,
475 941 532 980 ut
558 934 738 979 Ianum
764 939 982 979 arcessat
1006 949 1135 978 nova
1161 934 1337 979 bruma
1364 940 1660 981 morantem.

220 1015 315 1061 hoc
340 1032 552 1062 numero
577 1018 866 1078 mensisque
895 1015 1092 1060 Numae
1119 1014 1254 1061 redit
1279 1019 1612 1078 autumnique

219 1101 521 1160 principium
549 1096 776 1144 referens
804 1096 988 1142 Bacchi
1016 1096 1320 1159 September
1344 1097 1592 1144 alumnus.

220 1180 378 1227 Iulius
405 1186 458 1227 et
485 1181 649 1227 Maius
676 1183 971 1242 positusque
997 1182 1049 1224 in
1075 1179 1173 1225 fine
1203 1179 1490 1226 December

220 1264 546 1325 Octoberque
573 1262 655 1308 die
683 1268 946 1308 revocatur
972 1262 1163 1308 tardius
1188 1279 1302 1307 uno.
1676 1262 1737 1309 10

218 1345 337 1391 inde
363 1345 446 1391 die
474 1344 693 1391 redeunt
718 1347 884 1390 minus
910 1361 1010 1390 uno
1037 1351 1277 1406 quattuor
1301 1344 1450 1401 ultra,

217 1443 341 1489 quos
367 1442 578 1473 numero
604 1426 815 1472 adiciam
836 1441 845 1471 :
885 1425 1106 1483 Sextilis,
1136 1426 1308 1472 Iunius
1332 1433 1486 1488 atque

219 1509 421 1571 Aprilis,
447 1515 562 1571 post
587 1525 711 1571 quos
737 1508 1049 1570 paenultima
1075 1515 1213 1554 meta
1240 1508 1542 1555 November.

219 1597 296 1637 ter
320 1594 486 1653 quinis
512 1606 713 1652 unoque
740 1590 841 1648 die,
870 1590 1082 1636 lunonie
1111 1590 1326 1648 Mavors,

216 1679 275 1719 ut
298 1673 474 1719 redeas
500 1672 788 1735 referasque
816 1672 1019 1719 exordia
1045 1675 1220 1734 prima,
1248 1676 1406 1720 cieris.
1672 1674 1731 1720 15

286 1756 401 1802 Hoc
426 1772 637 1802 numero
662 1755 725 1801 ad
751 1755 961 1817 plenum
987 1762 1191 1801 vertens
1216 1756 1531 1818 reparabitur
1555 1772 1730 1802 annus.

424 1970 764 2015 XV.—RAT10
804 1970 1013 2016 D1ERUM
1054 1970 1190 2016 ANNJ
1230 1970 1522 2015 VERTENTIS

219 2095 517 2140 NoNAfflNTA
545 2093 652 2140 dies
680 2101 732 2141 et
757 2101 996 2157 quattuor
1021 2112 1077 2140 ae
1104 2095 1331 2141 medium
1357 2095 1440 2142 Sol

212 2175 428 2233 conficit,
454 2193 482 2221 a
507 2179 700 2239 tropico
726 2180 778 2222 in
803 2181 1054 2239 tropicum
1081 2177 1203 2222 dum
1229 2184 1459 2239 permeat
1483 2185 1692 2235 astrum,

211 2259 501 2321 octipedem
526 2262 578 2303 in
604 2258 851 2304 Cancrum
878 2258 1094 2304 Phrixeo
1119 2260 1181 2304 ab
1207 2259 1383 2306 Ariete
1410 2276 1643 2321 pergens.

211 2340 306 2386 hoc
332 2343 493 2402 spatio
518 2343 695 2386 aestivi
720 2339 994 2402 pulsusque
1022 2347 1075 2386 et
1099 2347 1235 2387 meta
1262 2341 1377 2387 diei.

731 2448 746 2471 1
777 2447 928 2499 Suppl.
960 2449 1214 2488 Mommsen.

738 2586 751 2610 ¹
782 2600 844 2638 cp.
873 2586 1054 2638 E'clogsne
1077 2588 1133 2627 ix.
1161 2589 1199 2628 3.

218 2667 309 2713 188
