1871 3046
827 215 1186 263 AUSONIUS

249 352 481 413 quintam
509 349 739 397 Romulei
763 357 1081 413 praetextam
1105 350 1368 398 habiturus
1393 350 1609 396 honoris.

249 455 368 486 ecce
394 440 476 486 ubi
505 456 557 487 se
584 440 807 487 cumulat
827 457 940 488 mea
964 456 1185 503 purpura
1211 438 1439 502 (mitibus
1463 438 1580 485 audi
1697 439 1760 484 45

247 529 449 575 auribus
474 532 586 587 hoc,
613 527 868 593 Nemesis)
892 536 1007 591 post
1033 545 1113 575 me
1140 529 1380 591 dignatur
1406 531 1522 574 oriri

247 617 508 680 Augustus
534 618 721 664 consul.
795 618 908 679 plus
935 635 1085 680 quam
1111 617 1340 664 conferre
1366 617 1568 664 videtur

245 723 327 753 me
353 708 463 765 sibi,
489 710 574 769 qui
599 710 743 753 iussit
767 714 964 754 nostros
990 707 1295 769 praecedere
1322 707 1495 754 fasces.

286 796 427 853 IANE,
453 811 568 841 VENI
590 813 600 841 ε
638 811 794 841 Novus
820 811 971 854 ANNE,
997 811 1142 843 VENI:
1183 811 1443 842 RENOVATE
1470 811 1603 854 VENI,
1628 813 1724 844 soL.

244 884 320 930 Tu
346 887 597 946 tropicum
622 884 713 930 soli
740 884 804 930 da
820 885 835 913 1
864 884 1064 943 cedere,
1090 901 1258 931 rursus
1284 891 1338 931 et
1362 885 1506 931 illum
1697 886 1761 932 50

245 978 390 1034 terga
415 972 552 1030 dare,
579 979 635 1019 ut
661 972 850 1035 duplex
877 977 1073 1035 tropico
1099 976 1320 1020 varietur
1344 974 1408 1020 ab
1433 980 1568 1020 astro

244 1067 299 1108 et
324 1068 504 1124 quater
527 1079 556 1107 a
580 1065 739 1108 ternis
765 1069 1007 1125 properet
1030 1066 1247 1109 mutatio
1272 1066 1442 1126 signis.

243 1154 459 1198 aestivos
484 1151 676 1214 inpelle
701 1152 810 1199 dies
836 1153 1167 1216 brumamque
1193 1160 1477 1200 morantem

244 1241 478 1287 noctibus
503 1240 763 1288 adceleret
788 1245 1061 1304 promissus
1088 1242 1309 1289 Caesaris
1334 1259 1509 1290 annus

243 1329 386 1375 illum
407 1346 503 1392 ego
522 1334 563 1377 si
583 1347 803 1388 cernam,
822 1338 934 1377 tum
950 1338 1132 1394 terque
1150 1338 1431 1395 quaterque
1452 1333 1649 1392 beatus,
1697 1333 1759 1378 55

243 1425 367 1465 tunc
394 1435 480 1466 ero
505 1420 580 1465 bis
606 1420 797 1478 consul,
823 1427 947 1467 tunc
973 1428 1181 1483 tangam
1207 1425 1397 1468 vertice
1425 1422 1632 1468 caelum.

479 1640 769 1688 VL—ITEM
812 1640 1061 1687 PRECATio
1101 1641 1222 1688 KAL.
1264 1641 1523 1687 IANUARus

245 1765 414 1824 ANNE,
438 1766 583 1812 bonis
609 1773 790 1829 coepte
816 1769 1064 1829 auspiciis,
1090 1766 1256 1812 felicia
1282 1770 1444 1812 cernis

246 1855 463 1901 consulis
489 1855 702 1901 Ausonii
726 1856 998 1918 primordia
1019 1872 1028 1901 ε
1065 1873 1239 1918 prome
1265 1872 1542 1914 coruscum,

247 1942 332 1990 Sol
357 1950 584 2002 aeterne,
609 1952 762 2006 caput
787 1945 1037 2008 solitoque
1063 1945 1320 1991 inlustrior
1343 1945 1475 1991 almo

246 2032 439 2079 lumine
465 2050 776 2096 purpureum
801 2034 944 2081 iubar
969 2051 1120 2082 exere
1146 2035 1271 2081 lucis
1297 2051 1432 2081 eoae.

246 2139 398 2182 anne,
421 2131 567 2186 pater
591 2142 777 2184 rerum,
802 2142 924 2189 quas
952 2126 1059 2171 Iani
1084 2142 1259 2172 mense
1286 2126 1520 2173 bifrontis
1730 2127 1758 2172 5

247 2212 403 2258 volvis
428 2216 480 2258 in
505 2213 775 2260 hibernum
800 2214 998 2277 glaciali
1025 2214 1124 2260 fine
1152 2214 1506 2272 Decembrem,

245 2300 393 2358 alme,
420 2304 536 2348 veni
561 2308 615 2348 et
640 2301 828 2348 festum
854 2306 1014 2348 veteri
1040 2319 1197 2349 novus
1222 2303 1364 2350 adice
1393 2303 1584 2349 Ianum.
1730 2303 1756 2352 7

244 2406 369 2452 coge
395 2397 654 2438 secuturos
681 2392 756 2437 bis
781 2407 902 2438 sena
929 2408 1019 2454 per
1044 2396 1171 2439 ostia
1195 2410 1396 2440 menses
1415 2409 1425 2448 3
1443 2393 1461 2422 '2
1699 2391 1759 2441 7a

303 2512 316 2536 ¹
345 2512 563 2563 Scaliqer:
596 2512 736 2552 solido
757 2512 826 2561 da,
860 2512 906 2559 V,
932 2512 1104 2562 Peessper.

301 2567 316 2590 ²
347 2567 635 2607 Transferred
656 2572 702 2606 to
724 2567 814 2606 this
839 2566 964 2618 place
985 2566 1041 2617 by
1064 2567 1223 2618 Peiper
1241 2584 1249 2607 :
1282 2567 1327 2606 in
1349 2567 1425 2606 the
1447 2565 1539 2607 MS.
1567 2566 1644 2616 (V)
1666 2566 1757 2606 this

249 2636 373 2661 verse
395 2622 566 2662 follows
587 2622 612 2662 l.
635 2623 688 2661 49
708 2621 752 2660 in
774 2621 846 2660 the
867 2621 1103 2673 preceding
1122 2635 1263 2673 poem.

253 2712 311 2760 52
