1871 3046
869 187 1225 236 AUSONIUS

293 339 372 369 me
390 339 589 386 quoque
611 338 619 367 :
646 328 724 369 set
739 325 976 384 quoniam
995 321 1154 367 multa
1171 326 1249 367 est
1265 327 1546 383 praetexta,
1564 319 1722 367 silebo

357 408 513 464 teque
539 417 714 447 canam
739 399 803 446 de
830 406 899 456 te,
926 416 1027 445 non
1053 400 1116 444 ab
1142 398 1333 444 honore
1358 414 1486 444 meo.

290 483 393 527 sive
419 482 735 542 panegyricis
760 478 959 540 placeat
986 476 1299 523 contendere
1323 475 1479 534 libris,

358 562 410 604 in
439 557 824 603 Panathenaicis
849 561 905 601 tu
932 554 1276 601 numerandus
1303 558 1431 610 eris;

291 654 377 684 seu
403 637 560 682 libeat
585 635 725 681 fictas
751 633 987 680 ludorum
1013 633 1246 681 evolvere
1273 634 1406 692 lites,
1742 635 1802 681 15

357 718 633 777 ancipitem
660 712 877 775 palmam
904 712 1249 770 Quintilianus
1275 712 1446 759 habet.

289 793 493 841 dicendi
520 800 718 839 torrens
744 792 838 837 tibi
863 795 1021 854 copia,
1048 808 1177 854 quae
1203 799 1377 839 tamen
1403 809 1593 850 aurum,

357 888 459 917 non
486 873 639 917 etiam
664 869 857 916 luteam
883 869 1110 916 volveret
1136 870 1392 916 inluviem.

290 957 343 997 et
370 948 843 1006 Demosthenicum,
870 948 1004 1011 quod
1030 954 1110 995 ter
1136 952 1354 1011 primum
1380 949 1465 995 ille
1493 954 1705 1007 vocavit,

356 1032 408 1074 in
434 1035 486 1074 te
513 1031 581 1074 sic
607 1031 783 1090 viguit,
812 1027 960 1073 cedat
986 1033 1043 1074 ut
1068 1030 1175 1089 ipse
1200 1028 1308 1074 tibi.
1742 1029 1802 1075 20

289 1124 421 1154 anne
448 1114 502 1154 et
527 1106 684 1152 divini
709 1106 839 1152 bona
866 1105 1113 1152 naturalia
1139 1105 1257 1152 doni

357 1186 586 1242 adiciam,
613 1187 824 1230 memori
850 1200 1000 1247 quam
1026 1183 1181 1230 fueris
1207 1187 1392 1241 animo,

290 1264 461 1311 audita
486 1270 544 1310 ut
567 1263 648 1310 vel
676 1263 809 1309 lecta
835 1262 992 1308 semel
1018 1279 1111 1308 ceu
1138 1262 1233 1308 fixa
1258 1270 1480 1320 teneres,

357 1343 559 1390 auribus
586 1348 639 1388 et
663 1341 802 1388 libris
829 1348 964 1388 esset
990 1347 1047 1387 ut
1071 1358 1171 1386 una
1197 1340 1356 1388 fides?

290 1422 505 1469 vidimus
531 1428 583 1468 et
610 1420 864 1484 quondam
890 1420 1093 1466 tabulae
1120 1423 1397 1467 certamine
1423 1419 1576 1482 longo
1742 1421 1802 1466 25

358 1516 550 1557 omnes,
578 1502 663 1562 qui
688 1498 908 1556 fuerant,
933 1505 985 1545 te
1013 1515 1304 1545 numerasse
1330 1498 1487 1556 bolos,

290 1580 499 1626 alternis
525 1579 716 1624 vicibus
742 1584 866 1641 quot
890 1581 1260 1640 praecipitante
1285 1584 1454 1624 rotatu

359 1658 584 1705 fundunt
610 1660 763 1704 excisi
787 1673 878 1719 per
904 1673 1023 1703 cava
1048 1658 1180 1702 buxa
1205 1656 1419 1719 gradus:

291 1744 582 1784 narrantem
608 1736 707 1782 fido
732 1753 823 1799 per
849 1735 1047 1798 singula
1072 1741 1262 1798 puncta
1288 1752 1509 1793 recursu,

360 1831 487 1879 quae
515 1815 650 1872 data,
677 1831 767 1876 per
791 1814 967 1876 longas
994 1830 1122 1876 quae
1148 1820 1382 1860 revocata
1405 1830 1581 1860 moras.
1740 1814 1803 1860 30

291 1895 431 1940 nullo
455 1893 576 1940 felle
602 1894 697 1939 tibi
725 1909 865 1939 mens
890 1892 1059 1949 livida,
1086 1898 1196 1938 tum
1224 1892 1326 1938 sale
1352 1892 1514 1939 multo

359 1973 532 2035 lingua
557 1972 701 2018 dicax
728 1970 926 2017 blandis
953 1977 1006 2017 et
1031 1973 1138 2016 sine
1164 1969 1256 2016 lite
1282 1973 1414 2017 iocis.

291 2067 466 2097 mensa
490 2054 677 2107 nitens,
705 2066 855 2113 quam
880 2065 982 2095 non
1008 2052 1232 2095 censoria
1257 2049 1433 2111 regula
1459 2049 1633 2112 culpet

360 2146 454 2176 nec
480 2129 609 2175 nolit
636 2129 787 2190 Frugi
816 2128 927 2174 Piso
954 2144 1129 2173 vocare
1156 2144 1325 2174 suam:

291 2224 673 2270 nonnumquam
698 2207 894 2270 pollens
921 2206 1173 2252 natalibus
1200 2213 1253 2252 et
1279 2206 1409 2269 dape
1435 2205 1583 2264 festa,
1741 2206 1802 2252 35

360 2302 462 2332 non
490 2294 660 2332 tamen
687 2291 925 2347 angustas
951 2290 1010 2330 ut
1034 2290 1273 2331 tenuaret
1299 2301 1432 2348 opes,

354 2425 369 2449 ¹
399 2425 467 2463 i.e.
492 2424 601 2463 with
637 2423 855 2462 Isocrates
887 2434 934 2462 as
969 2423 1129 2462 author
1156 2422 1201 2462 of
1230 2423 1306 2462 the
1337 2427 1426 2462 two
1456 2426 1581 2475 great
1610 2422 1804 2462 orations

296 2479 594 2531 Paneqyrz'cns
614 2478 701 2518 and
724 2477 1088 2517 Panathenaicus.

349 2535 365 2559 2
395 2534 500 2573 This
536 2546 624 2573 was
654 2532 825 2572 melion:
873 2545 934 2582 ep.
977 2531 1063 2571 Cio.
1100 2533 1150 2571 de
1184 2532 1303 2573 Ora-t.
1338 2533 1399 2572 iii.
1426 2533 1505 2579 563
1538 2530 1800 2579 Quintilian.

295 2590 352 2628 xi.
376 2590 413 2628 3.

296 2668 357 2725 98
