1871 3046
833 224 1189 272 AUSONIUS

255 365 311 405 tu
337 361 494 405 irater
519 361 793 420 genetricis
819 364 871 404 et
897 360 1146 404 unanimis
1171 361 1408 420 genitori,

323 453 377 494 et
401 446 525 492 mihi
550 449 636 509 qui
660 445 830 503 fueris,
857 445 992 508 quod
1018 452 1165 508 pater
1190 451 1244 492 et
1268 448 1520 508 genetrix,

254 538 340 598 qui
363 551 446 582 me
470 535 764 593 lactantem,
789 551 1001 597 puerum
1027 537 1366 597 iuvenemque
1391 537 1653 596 virumque

321 624 511 670 artibus
537 627 741 681 ornasti,
768 640 890 686 quas
916 623 1150 670 didicisse
1176 626 1382 669 iuvat—
1706 621 1766 667 10

253 719 306 759 te
333 713 427 759 sibi
453 712 706 758 Palladiae
731 712 975 759 antetulit
998 719 1119 774 toga
1144 712 1293 758 docta
1319 711 1545 769 Tolosae,

320 807 374 846 te
401 801 744 847 Narbonensis
772 800 936 846 Gallia
961 804 1268 862 praeposuit,

254 892 443 935 ornasti
468 892 608 935 cuius
635 888 781 934 Latio
807 904 1039 934 sermone
1065 888 1288 934 tribunal

322 984 375 1024 et
399 977 506 1023 fora
533 977 844 1024 Hiberorum
870 994 1101 1040 quaeque
1128 977 1325 1024 Novem
1349 977 1560 1040 populis.

254 1068 371 1114 hinc
397 1075 549 1115 tenus
575 1068 828 1131 Europam
854 1067 988 1113 fama
1013 1074 1274 1115 crescente
1300 1071 1465 1130 petito
1710 1068 1767 1112 lo

321 1157 786 1220 Constantinopolis
811 1157 1015 1204 rhetore
1041 1164 1094 1204 te
1122 1161 1295 1220 viguit.

254 1253 307 1292 tu
336 1263 427 1308 per
452 1246 591 1292 mille
617 1246 808 1304 modos,
834 1263 926 1309 per
948 1246 1088 1291 mille
1115 1246 1314 1292 oracula
1339 1245 1479 1292 fandi

320 1336 517 1393 doctus,
543 1335 806 1393 facundus,
832 1343 889 1382 tu
916 1335 1066 1393 celer,
1092 1342 1246 1398 atque
1272 1352 1478 1381 memor.

254 1432 326 1482 tu,
352 1431 621 1488 postquam
646 1428 818 1486 primis
844 1424 1010 1487 placui
1036 1425 1129 1470 tibi
1155 1423 1372 1470 traditus
1398 1427 1559 1481 annis,

320 1514 492 1560 dixisti
517 1521 637 1560 nato
662 1530 744 1560 me
772 1517 891 1560 satis
918 1530 1027 1560 esse
1053 1515 1161 1561 tibi.
1705 1512 1767 1558 20

252 1619 334 1650 me
358 1604 469 1661 tibi,
495 1619 577 1649 me
603 1604 830 1665 patribus
855 1603 1045 1649 clarum
1071 1603 1225 1650 decus
1251 1619 1359 1650 esse
1385 1602 1638 1665 professus

320 1693 525 1739 dictasti
551 1692 667 1739 fatis
694 1694 846 1740 verba
870 1693 1096 1739 notanda
1120 1696 1260 1740 meis.

253 1782 388 1844 Ergo
413 1782 522 1828 vale
549 1782 771 1845 Elysiam
797 1786 1019 1840 sortitus,
1046 1783 1310 1841 avuncule,
1338 1782 1513 1830 sedem
1535 1799 1544 1828 ε

319 1871 445 1918 haec
470 1872 566 1917 tibi
591 1871 655 1918 de
685 1872 843 1918 Musis
869 1875 1090 1918 carmina
1115 1872 1217 1919 libo
1242 1875 1355 1919 tuis.

426 2057 841 2103 {KR—Cacmus
879 2058 1121 2103 Aaolcms
1158 2057 1417 2102 ARBORIUS
1454 2056 1591 2102 Avus

254 2165 519 2212 OFFICIOSA
544 2169 684 2228 pium
709 2183 774 2212 ne
801 2166 995 2224 desere,
1022 2169 1222 2229 pagina,
1248 2182 1432 2212 munus
1454 2183 1463 2211 :

320 2261 607 2301 maternum
626 2262 741 2317 post
766 2254 856 2300 hos
882 2271 1333 2301 commemoremus
1358 2272 1506 2301 avum

254 2344 538 2401 Arborium,
567 2343 832 2390 Haeduico
858 2343 1069 2390 ductum
1095 2344 1159 2391 de
1185 2351 1455 2392 stemmate
1481 2360 1685 2401 nomen,

321 2431 624 2494 conplexum
649 2432 833 2478 multas
859 2433 1125 2479 nobilitate
1151 2433 1346 2491 domus,

253 2538 352 2584 qua
380 2520 737 2584 Lugdunensis
761 2525 1016 2582 provincia
1042 2538 1241 2585 quaque
1266 2528 1505 2584 potentes
1737 2521 1764 2564 5

326 2610 586 2667 Haedues,
613 2609 801 2671 Alpino
827 2626 1024 2673 quaque
1053 2611 1251 2656 Vienna
1275 2614 1405 2672 iugo.

256 2712 316 2756 62
