1871 3046
762 194 1116 242 AUSONIUS

189 328 493 376 adsimulant
516 337 710 376 nostros
735 330 931 373 imitata
955 327 1160 372 monilia
1185 327 1348 374 cultus
1368 344 1378 374 ฮต

188 410 320 457 haud
346 411 492 458 aliter
514 410 739 472 placidae
765 409 938 454 subter
963 408 1088 454 vada
1111 407 1245 454 laeta
1272 408 1514 456 Mosellae

187 493 385 554 detegit
408 493 656 539 admixtos
682 508 783 537 non
809 490 1039 536 concolor
1064 490 1221 536 herba
1245 490 1453 552 lapillos.

255 575 487 621 Intentos
513 581 684 620 tamen
709 589 867 635 usque
893 572 1060 618 oculos
1088 587 1253 618 errore
1277 571 1497 634 fatigant
1625 574 1685 621 75

186 656 572 712 interludentes,
599 658 831 702 examina
853 654 1058 710 lubrica,
1083 656 1258 715 pisceS.

185 737 274 783 sed
298 754 464 799 neque
487 743 567 783 tot
591 740 783 798 species
808 736 1189 798 obliquatosque
1215 742 1416 781 natatus

184 834 412 880 quaeque
437 834 527 879 per
550 817 815 863 adversum
840 816 1119 862 succedunt
1143 819 1344 878 agmina
1368 817 1570 876 flumen,

182 902 485 961 nominaque
512 905 565 945 et
589 904 797 944 cunctos
820 914 1115 944 numerosae
1141 901 1309 960 stirpis
1334 898 1561 946 alumnos

183 980 334 1026 edere
358 979 432 1026 fas
457 987 544 1026 aut
569 979 653 1025 ille
681 982 817 1036 sinit,
842 982 921 1025 cui
946 995 1063 1024 cura
1087 978 1338 1026 secundae
1622 983 1685 1028 80

183 1064 328 1108 sortis
354 1067 407 1107 et
431 1063 667 1123 aequorei
693 1062 843 1106 cessit
866 1059 1030 1105 tutela
1052 1059 1301 1107 tridentis.

182 1149 237 1189 tu
262 1142 386 1188 mihi
410 1142 657 1187 flumineis
681 1141 953 1187 habitatrix
982 1141 1100 1186 Nais
1125 1144 1176 1185 in
1202 1144 1298 1187 oris

182 1227 482 1286 squamigeri
507 1226 673 1285 gregis
700 1222 795 1268 ede
821 1222 995 1268 choros
1019 1222 1311 1285 liquidoque
1337 1225 1428 1270 sub
1453 1225 1594 1272 alveo

182 1305 369 1351 dissere
395 1304 624 1351 caeruleo
649 1304 904 1350 fluitantes
928 1320 1076 1350 amne
1103 1310 1338 1350 catervas.

249 1386 525 1449 Squameus
549 1385 784 1432 herbosas
810 1388 975 1447 capito
1000 1387 1135 1431 inter
1159 1385 1296 1431 lucet
1320 1386 1547 1445 harenaS,
1619 1390 1682 1435 85

182 1471 369 1514 viscere
394 1474 695 1529 praetenero
719 1466 888 1512 fartim
914 1473 1183 1528 congestus
1207 1470 1370 1514 aristis

180 1566 275 1596 nec
299 1549 566 1594 duraturus
590 1554 703 1609 post
727 1548 845 1593 bina
867 1547 1075 1593 trihoria
1099 1551 1301 1605 mensis,

179 1633 542 1693 purpureisque
567 1629 694 1675 salar
718 1628 948 1675 stellatus
972 1634 1173 1691 tergora
1196 1633 1356 1691 guttis

181 1720 234 1759 et
258 1712 397 1758 nullo
421 1714 593 1773 spinae
618 1714 877 1756 nociturus
902 1713 1132 1756 acumine
1157 1710 1315 1757 rhedo

181 1794 524 1855 effugiensque
550 1791 718 1838 oculos
744 1791 895 1837 celeri
917 1791 1041 1837 levis
1067 1793 1243 1837 umbra
1267 1800 1458 1841 natatu.
1620 1795 1682 1841 90

180 1882 337 1936 tuque
362 1890 453 1935 per
478 1873 667 1934 obliqui
693 1872 862 1918 fauces
888 1878 1066 1918 vexate
1093 1872 1276 1930 Saravi,

181 1972 278 2019 qua
301 1956 375 2000 bis
399 1961 542 2000 terna
570 1953 794 1999 fremunt
819 1953 1089 2014 scopulosis
1115 1957 1241 1999 ostia
1265 1955 1396 2016 pilis,

182 2054 294 2084 cum
318 2035 569 2082 defluxisti
594 2035 755 2080 famae
782 2038 978 2080 maioris
1004 2038 1055 2079 in
1080 2052 1296 2094 amnem,

179 2120 382 2165 liberior
404 2118 540 2162 laxos
565 2132 784 2173 exerces,
810 2116 978 2173 barbe,
1004 2123 1234 2162 natatus:

181 2207 235 2246 tu
262 2199 437 2245 melior
462 2202 632 2260 peiore
658 2214 795 2254 aevo,
824 2198 913 2243 tibi
940 2201 1154 2259 contigit
1179 2202 1315 2244 omni
1619 2202 1680 2247 95

181 2285 459 2343 spirantum
485 2296 545 2325 ex
572 2295 779 2324 numero
805 2295 904 2323 non
930 2279 1186 2325 inlaudata
1211 2288 1457 2327 senectus.

234 2474 249 2499 ยน
278 2487 330 2514 sc.
366 2473 575 2525 Neptune
605 2471 869 2521 (Poseidon),
903 2472 1001 2510 who
1030 2474 1229 2513 received
1259 2475 1335 2514 the
1364 2480 1519 2515 waters
1546 2490 1592 2516 as
1615 2478 1680 2517 his

182 2529 309 2569 share
339 2528 384 2566 in
419 2528 493 2566 the
526 2527 727 2565 universe
761 2529 839 2576 (cp.
878 2527 1004 2565 Hom.
1041 2528 1193 2577 Hymn
1222 2535 1261 2568 to
1291 2529 1498 2580 Demeter,
1522 2532 1607 2580 86),
1632 2545 1681 2572 as

184 2583 294 2623 Zeus
312 2581 511 2621 received
531 2581 608 2621 the
627 2593 767 2633 upper
788 2581 853 2621 air
873 2580 959 2619 and
981 2580 1203 2622 Aidoneus
1226 2583 1301 2622 the
1326 2583 1459 2624 lower
1480 2585 1629 2626 world.

189 2674 284 2720 230
