1871 3046
819 204 1178 252 AUSONIUS

240 336 425 383 dixisse
452 351 576 398 quos
600 351 683 382 me
709 335 928 393 creditis,
954 335 1123 397 plures
1150 335 1318 381 malos.

240 404 330 451 sed
354 420 505 450 nemo
531 407 793 467 quisquam
818 410 924 450 tam
948 403 1109 449 malus
1133 403 1287 449 iudex
1312 402 1438 460 fuat,

240 475 363 535 quin
387 475 487 518 iam
511 472 757 518 bonorum
781 473 1007 534 partibus
1033 488 1086 517 se
1113 470 1334 533 copulet,

239 544 344 587 sive
369 540 455 586 ille
482 556 599 586 vere
625 541 786 586 bonus
812 546 907 597 est,
933 556 1020 585 seu
1048 539 1146 585 dici
1173 539 1359 586 studet.

237 611 337 653 iam
362 607 496 670 fugit
519 607 646 654 illud
671 624 857 655 nomen
882 611 1099 654 invisum
1124 607 1255 653 mali.
1656 607 1752 654 200

307 675 465 722 Abeo.
538 675 705 722 valete
732 683 785 722 et
810 675 1052 737 plaudite,
1079 675 1248 738 plures
1273 675 1431 723 boni.l

796 903 1204 950 IX.—P1TTACUs

241 1010 517 1058 MYTILENA
543 1028 638 1075 ego
663 1019 801 1059 ortus
830 1013 1053 1060 Pittacus
1080 1031 1190 1060 sum
1218 1014 1446 1073 Lesbius,

237 1080 439 1143 γίνωσκε
462 1082 619 1143 καιρὸν
643 1084 729 1144 qui
754 1081 901 1127 docui
928 1086 1249 1130 sententiam.

239 1154 318 1194 set
342 1151 440 1194 iste
466 1148 637 1211 καιρός,
662 1156 865 1211 tempus
891 1156 949 1196 ut
972 1154 1124 1208 noris,
1149 1157 1325 1197 monet

239 1222 293 1262 et
319 1232 428 1263 esse
454 1218 627 1278 καιρόν,
653 1221 1015 1280 tempestivum
1041 1219 1177 1281 quod
1203 1226 1400 1266 vocant.

243 1284 466 1330 Romana
490 1287 560 1331 sic
587 1292 640 1331 et
666 1292 744 1332 est
771 1302 893 1333 vox:
931 1290 1047 1332 veni
1073 1290 1126 1332 in
1150 1287 1420 1349 temp01·e.2

240 1359 408 1398 vester
433 1369 633 1415 quoque
659 1357 756 1400 iste
783 1357 1001 1400 comicus
1027 1354 1297 1402 Terentius

240 1436 408 1466 rerum
435 1424 659 1466 omnium
687 1438 795 1468 esse
821 1425 1039 1484 primum
1064 1429 1266 1485 tempus
1292 1429 1539 1480 autumat,

239 1488 303 1534 ad
330 1488 650 1551 Antiphilam
675 1506 828 1552 quom
853 1497 1064 1537 venerat
1090 1507 1260 1537 servus
1288 1491 1506 1538 Dromo3

240 1556 381 1602 nullo
405 1557 705 1619 inpeditam,
731 1562 974 1620 temporis
1001 1575 1202 1606 servans
1228 1563 1402 1606 vicem.
1661 1560 1756 1606 210

240 1631 476 1687 reputate
503 1630 689 1683 cuncti,
717 1630 953 1689 quotiens
979 1627 1218 1673 offensam
1244 1628 1450 1685 incidat,

242 1699 470 1755 spectata
495 1697 575 1739 cui
599 1711 702 1740 non
727 1694 883 1742 fuerit
908 1699 1271 1757 opportunitas.

311 1760 533 1823 Tempus
559 1769 751 1822 monet,
776 1779 841 1810 ne
867 1767 958 1810 sim
985 1763 1240 1811 molestus.
1314 1763 1558 1826 plaudite.

1657 1221 1683 1264 [Ο

1690 1220 1752 1266 3

786 2008 1217 2056 X.—PER1ANDER

244 2115 460 2163 EPHYRA
487 2124 683 2164 creatus
709 2117 809 2164 huc
836 2118 1110 2165 Periander
1134 2120 1340 2182 prode0‚

242 2185 416 2247 μελέτη
441 2186 493 2233 τὸ
518 2189 610 2233 πᾶν
634 2189 720 2248 qui
745 2186 849 2232 dixi
876 2195 928 2234 et
953 2187 1146 2234 dictum
1171 2191 1270 2234 iam
1295 2189 1466 2250 probo,

243 2252 589 2299 meditationis
616 2270 740 2311 esse,
768 2255 902 2317 quod
927 2263 1066 2302 recte
1093 2273 1249 2318 geras.

243 2324 283 2366 is
310 2324 497 2383 quippe
523 2321 655 2368 solus
682 2327 751 2368 rei
780 2323 1036 2384 gerendae
1063 2331 1140 2370 est
1166 2325 1354 2381 efficax,

244 2389 522 2435 meditatur
547 2406 695 2436 omne
723 2395 808 2453 qui
834 2395 969 2453 prius
995 2396 1271 2453 negotium.

1658 2190 1683 2234 kx.)

1695 2190 1715 2234 ’,Α

1727 2203 1754 2234 0
1731 2189 1749 2198 t

301 2497 314 2521 1
345 2511 407 2548 cp.
448 2498 648 2549 Plautus,
690 2500 811 2552 Capi.
854 2500 1083 2554 Prologue,
1119 2503 1196 2545 67:
1230 2502 1348 2542 abeo.
1387 2502 1548 2551 valete,
1590 2502 1757 2541 iudices

245 2553 488 2593 iustissimi.

299 2605 317 2630 2
345 2607 554 2660 Terence,
576 2608 717 2649 Andr.
747 2610 836 2652 758.

251 2686 347 2746 326
