1871 3046
555 202 600 247 A
649 201 962 249 NUPTIAL
1007 204 1236 251 CENTO

151 340 364 395 occupat
389 349 442 378 os
465 332 761 393 faciemque,
788 331 973 392 pedem
999 333 1131 394 pede
1157 333 1378 380 fervidus
1404 340 1567 395 urget,

152 400 370 463 perfidus
394 400 496 446 alta
519 406 729 461 petens:
766 415 973 453 ramum,
1001 403 1085 461 qui
1112 408 1251 446 veste
1279 401 1482 457 latebat,

153 471 440 529 sanguineis
466 466 601 514 ebuli
625 467 759 512 bacis
783 469 1040 528 minioque
1066 468 1335 513 rubentem

153 535 342 581 nudato
367 538 531 596 capite
557 540 610 580 et
634 534 845 595 pedibus
871 550 962 595 per
984 540 1159 579 mutua
1183 538 1337 590 nexis,

153 610 430 649 monstrum
478 601 795 658 horrendum,
841 600 1069 657 informe,
1110 604 1306 662 ingens,
1356 605 1436 646 cui
1484 601 1658 648 lumen

287 670 594 731 ademptum,

154 740 304 798 eripit
327 754 355 782 a
380 737 569 782 femore
595 742 648 782 et
671 735 950 797 trepidanti
975 735 1197 781 fervidus
1222 739 1391 781 instat.

155 811 233 850 est
256 808 307 849 in
333 820 543 860 secessu,
571 807 739 849 tenuis
764 819 863 865 quo
888 806 1067 849 semita
1092 803 1244 860 ducit,

153 875 303 933 ignea
326 875 449 916 rima
472 874 661 916 micans
685 887 694 916 :
733 870 937 916 exhalat
961 886 1115 932 opaca
1139 870 1422 932 mephitim.

155 938 280 984 nulli
305 938 378 984 fas
403 945 538 985 casto
565 938 866 984 sceleratum
891 941 1123 984 insistere
1148 937 1318 983 limen.

155 1006 236 1051 hic
262 1022 438 1067 specus
460 1005 794 1051 horrendum:
832 1005 945 1051 talis
971 1022 1079 1051 sese
1104 1005 1290 1051 halitus
1315 1008 1434 1051 atris

155 1073 379 1118 faucibus
406 1073 668 1119 effundens
694 1089 838 1118 nares
863 1075 1114 1134 contingit
1138 1072 1304 1118 odore.

156 1140 254 1186 huc
278 1144 471 1186 iuvenis
497 1147 618 1185 nota
642 1140 803 1186 fertur
828 1143 1035 1201 regione
1062 1143 1250 1185 viarum

157 1214 210 1254 et
234 1224 383 1269 super
406 1208 703 1253 incumbens
728 1207 872 1253 nodis
899 1214 951 1253 et
976 1210 1161 1253 cortice
1187 1207 1340 1252 crudo

154 1279 414 1337 intorquet
438 1278 642 1320 summis
666 1275 878 1321 adnixus
904 1275 1089 1320 viribus
1114 1274 1323 1320 hastam.

156 1343 319 1388 haesit
342 1346 724 1404 virgineumque
750 1341 852 1388 alte
878 1343 1007 1388 bibit
1030 1349 1141 1388 acta
1165 1358 1408 1389 cruorem.

155 1414 422 1456 insonuere
447 1426 596 1455 cavae
620 1413 969 1472 gemitumque
994 1409 1184 1455 dedere
1210 1425 1466 1456 cavernae.

156 1477 241 1522 illa
264 1494 415 1523 manu
440 1480 657 1522 moriens
682 1476 842 1522 telum
867 1477 1036 1533 trahit,
1065 1493 1173 1522 ossa
1198 1477 1284 1522 sed
1312 1481 1446 1522 inter

157 1544 306 1590 altius
330 1544 391 1589 ad
418 1548 585 1589 vivum
610 1544 835 1605 persedit
859 1544 1067 1589 vulnere
1092 1561 1276 1589 mucro.

158 1619 237 1658 ter
261 1628 368 1658 sese
394 1611 635 1657 attollens
659 1612 929 1673 cubitoque
956 1614 1127 1656 innixa
1151 1611 1348 1668 levavit,

158 1686 237 1725 ter
262 1679 487 1724 revoluta
510 1685 619 1724 toro
645 1685 734 1725 est.
807 1685 982 1724 manet
1005 1682 1374 1740 imperterritus
1400 1678 1499 1724 ille.

159 1763 254 1792 nec
291 1762 428 1791 mora
466 1762 560 1792 nec
601 1749 800 1808 requies
821 1765 829 1793 :
882 1746 1177 1809 clavumque
1217 1746 1408 1792 adfixus
1454 1752 1507 1791 et

293 1813 506 1859 haerens

160 1897 406 1942 nusquam
430 1881 699 1926 amittebat
723 1880 991 1942 oculosque
1017 1881 1109 1926 sub
1134 1887 1267 1926 astra
1290 1882 1515 1927 tenebat.

158 1952 299 2009 itque
324 1948 558 2009 reditque
584 1951 712 1993 viam
736 1951 925 1993 totiens
951 1955 1195 2010 uteroque
1221 1964 1420 1994 recusso

158 2015 459 2075 transadigit
484 2021 644 2061 costas
670 2022 723 2061 et
746 2019 950 2076 pectine
977 2015 1143 2076 pulsat
1169 2016 1373 2062 eburno.

159 2087 357 2144 iamque
382 2082 488 2128 fere
513 2086 673 2144 spatio
698 2089 926 2128 extremo
950 2082 1170 2144 fessique
1196 2083 1286 2127 sub
1311 2086 1470 2144 ipsam

162 2150 312 2195 finem
339 2149 710 2196 adventabant:
747 2156 856 2195 tum
883 2150 1058 2195 creber
1081 2149 1335 2195 anhelitus
1358 2156 1494 2195 artus

219 2291 251 2316 1⁹
280 2291 387 2331 Aen.
414 2305 453 2331 v.
481 2293 571 2331 858.

745 2290 777 2314 ²⁰
806 2291 914 2331 Aen.
938 2292 995 2331 ix.
1023 2293 1101 2334 743
1123 2292 1151 2331 f.
1231 2291 1263 2315 ⁴2¹
1293 2292 1400 2332 Aen.
1429 2294 1486 2332 xi.
1513 2294 1603 2333 804.

216 2345 250 2369 ²²
278 2346 386 2385 Aen.
411 2346 452 2384 ii.
480 2347 544 2385 53.
741 2344 775 2371 ‘23
803 2346 912 2386 Aen.
938 2347 994 2385 xi.
1022 2348 1112 2386 816.
1230 2346 1262 2370 ²4
1285 2347 1431 2397 Geory.
1459 2347 1518 2387 iii.
1547 2349 1639 2386 442.

221 2399 256 2424 ²5
284 2399 392 2439 Aen.
418 2400 473 2439 xi.
501 2401 590 2441 817.
745 2398 778 2423 '²⁶
807 2400 916 2440 Aen.
942 2401 999 2439 iv.
1026 2402 1119 2440 690.
1231 2399 1265 2425 '27
1294 2400 1402 2440 Aen.
1429 2415 1469 2441 x.
1495 2402 1585 2443 770.

217 2454 248 2480 ²³
281 2454 424 2504 Georss.
454 2454 513 2492 iii.
544 2454 631 2493 110.
743 2452 776 2478 29
806 2455 912 2494 Aen.
942 2468 981 2493 v.
1005 2456 1085 2494 852
1105 2454 1134 2493 f.
1233 2453 1266 2478 ³⁰
1295 2454 1402 2495 Aen.
1430 2455 1489 2495 vi.
1517 2456 1606 2494 122.

220 2507 253 2532 ³¹
283 2507 390 2548 Aen.
417 2508 462 2546 ii.
483 2508 547 2547 52.
749 2506 782 2531 3²
810 2508 919 2548 Aen.
947 2508 1020 2547 xii.
1045 2509 1137 2550 276.
1233 2507 1266 2532 ⁸³
1296 2509 1405 2549 Aen.
1430 2510 1486 2549 vi.
1513 2511 1604 2551 647.

225 2562 258 2586 ³⁴
288 2562 395 2601 Aen.
421 2575 460 2599 v.
489 2562 566 2604 327
589 2561 617 2600 f.

1569 2642 1663 2701 389
