1871 3046
818 210 1171 257 AUSONIUS

737 364 926 407 Citium)
966 364 1257 408 CnUcm'rUR

306 473 463 518 Asius
490 476 539 517 in
567 477 770 535 campis,
797 480 1044 519 memorat.
1069 490 1192 535 quos
1218 490 1359 519 musa
1390 474 1646 530 Maronis}

237 554 464 610 myrteus
489 555 719 594 amentes
750 549 829 594 ubi
860 548 997 593 lucusv
1025 555 1203 610 opacat
1228 548 1497 605 amantes?

238 626 375 685 orgia
401 623 658 669 ducebant
684 623 917 669 heroides
943 630 995 669 et
1021 640 1105 669 sua
1134 640 1382 685 quaeque,

238 704 295 743 ut
321 697 575 759 quondam
601 698 906 755 occiderant,
935 698 1025 743 leti
1052 705 1352 759 argumenta
1378 698 1644 760 gerebant,

239 779 464 818 errantes
490 772 611 817 silva
638 776 685 817 111
714 790 894 835 magna
924 780 975 819 et
1002 775 1093 819 sub
1118 773 1231 818 luce
1259 773 1480 834 maligna
1498 772 1516 802 3
1724 772 1750 816 5

237 850 372 893 inter
397 846 837 909 harundineasque
863 864 1027 894 comas
1053 848 1417 910 gravidumque
1443 864 1664 910 papaver

238 927 292 966 et
316 923 497 966 tacitos
523 924 631 966 sine
657 920 771 967 labe
796 921 950 978 lacus,
975 925 1082 967 sine
1108 938 1364 968 murmure
1391 925 1547 968 rivos:

238 1012 449 1058 quorum
476 1012 566 1057 per
591 999 721 1057 ripas
748 995 992 1042 nebuloso
1016 996 1206 1043 lumine
1232 1004 1462 1042 marcent

236 1071 358 1127 fleti,
384 1070 504 1115 olim
529 1087 707 1132 regum
734 1077 786 1116 et
810 1087 1079 1132 puerorum
1105 1075 1325 1129 nomina,
1351 1072 1494 1118 flores
1513 1073 1529 1101 4

237 1148 443 1191 mirator
469 1145 728 1192 Narcissus
755 1152 807 1192 et
834 1145 1109 1192 Oebalides
1138 1147 1460 1209 Hyacinthus
1697 1147 1754 1192 1Ο

239 1227 292 1266 et
319 1221 502 1267 Crocus
528 1224 841 1267 auricomans
867 1228 920 1267 et
945 1225 1136 1267 murice
1162 1225 1327 1283 pictus
1355 1222 1548 1268 Adonis

239 1302 292 1342 et
317 1299 509 1356 tragico
535 1300 749 1358 scriptus
775 1299 968 1358 gemitu
998 1296 1298 1343 Salaminius
1325 1297 1457 1343 Aeas
1478 1313 1488 1352 3

239 1373 406 1415 omnia
431 1387 559 1433 quae
586 1370 801 1416 lacrimis
829 1377 882 1417 et
907 1372 1158 1417 amoribus
1184 1374 1328 1416 anxia
1359 1375 1560 1418 maestis

240 1452 483 1491 exercent
507 1462 756 1491 memores
782 1446 920 1492 obita
944 1449 1041 1491 iam
1068 1453 1231 1492 morte
1258 1446 1454 1492 dolores
1475 1464 1484 1492 :

238 1537 406 1566 rursus
431 1523 484 1564 in
510 1523 747 1566 amissum
774 1527 1012 1566 revocant
1038 1520 1271 1567 heroidas
1296 1538 1488 1567 aevum.
1694 1521 1753 1565 15

240 1595 511 1642 fulmineos
538 1595 739 1642 Semele
760 1593 987 1657 ⁴decepta
1009 1612 1257 1657 puerpera
1282 1603 1454 1657 partus

240 1670 395 1717 deflet
421 1678 473 1717 et-
497 1672 754 1717 ambustas
779 1670 1004 1716 lacerans
1030 1687 1121 1732 per
1146 1674 1314 1716 inania
1340 1688 1492 1717 cunas

239 1745 456 1792 ventilat
481 1749 720 1807 ignavum
747 1745 967 1791 simulati
994 1744 1206 1807 fulguris
1232 1749 1418 1808 ignem.

240 1824 379 1867 irrita
403 1820 536 1866 dona
561 1837 794 1883 querens,
821 1837 943 1867 sexu
969 1823 1138 1882 gavisa
1165 1820 1310 1876 virili,

239 1903 434 1942 maeret
457 1900 508 1941 in
535 1900 795 1958 antiquam
823 1896 1000 1941 Caenis
1026 1903 1259 1942 revocata
1284 1895 1506 1957 figuram.
1693 1895 1754 1940 20

240 1970 449 2015 vulnera
474 1973 628 2016 siccat
652 1969 817 2015 adhuc
846 1969 1036 2015 Procris
1063 1969 1374 2031 Cephalique
1401 1976 1663 2016 cruentam

242 2045 411 2106 diligit
435 2051 489 2091 et
514 2061 748 2106 percussa
775 2061 993 2089 manum.
1069 2044 1170 2090 fert
1195 2044 1387 2091 fumida
1412 2051 1575 2090 testae

241 2120 432 2166 lumina
457 2119 679 2166 Sestiaca
706 2136 947 2181 praeceps
973 2119 1037 2165 de
1063 2126 1201 2165 turre
1227 2119 1407 2181 puella.

244 2202 296 2241 et
321 2195 385 2241 de
411 2196 639 2241 nimboso
666 2195 848 2241 saltum
877 2194 1099 2240 Leucate
1126 2198 1347 2241 minatur

300 2289 315 2353 J,
342 2289 637 2383 Vli1·gil,525n.
663 2291 720 2329 vi.
744 2291 836 2331 857.
959 2290 973 2313 ²
1004 2303 1068 2339 cp.
1095 2290 1155 2329 id.
1183 2291 1237 2329 vi.
1262 2291 1342 2329 440
1364 2289 1407 2329 ff.

300 2357 315 2367 ⁰
345 2359 374 2383 ἲ(
397 2375 405 2384 .
432 2357 488 2383 Vl.
513 2364 557 2386 ..al
597 2376 605 2384 .

296 2399 312 2422 ⁴
341 2412 405 2449 cp.
429 2398 589 2450 Virgil,
616 2399 706 2438 E'cZ.
737 2399 798 2437 iii.
832 2399 907 2437 106
929 2399 977 2439 f.:
1021 2399 1226 2450 inscripti
1253 2400 1429 2437 nomina
1460 2411 1612 2450 regum
1643 2397 1753 2438 Nas-

244 2459 406 2492 cuntur
427 2452 568 2492 flores,

298 2560 314 2584 1
346 2575 409 2611 ep.
436 2560 643 2612 Epz'taph.
667 2560 730 2598 iii.
754 2561 834 2598 5-6
866 2559 952 2598 aud
989 2567 1102 2600 note.
1179 2560 1271 2598 The
1302 2560 1461 2611 phrase
1489 2560 1632 2611 might,
1663 2558 1754 2598 also

244 2617 296 2654 he
318 2614 532 2654 rendered
558 2618 584 2635 “
602 2614 678 2653 the
700 2615 847 2653 theme
868 2614 912 2652 of
934 2614 1093 2653 woeful
1114 2613 1344 2667 tragedy.”

250 2695 344 2738 208
