1871 3046
788 197 1146 245 AUSONIUS

727 371 1206 417 XXV-HECUBAE

208 489 356 547 QUAE
380 494 555 552 regina
579 491 668 549 fui,
695 508 823 554 quae
850 491 983 537 claro
1008 498 1128 538 nata
1155 491 1428 554 Dymante,

274 580 402 626 quae
430 564 611 611 Priami
638 568 872 621 coniunx,
902 565 1129 612 Hectora
1155 581 1282 627 quae
1309 570 1480 627 genui,

207 638 288 684 hic
318 640 533 686 Hecuba
560 643 760 687 iniectis
786 644 913 701 perii
940 641 1272 702 superobruta
1298 644 1442 698 Saxis,

274 721 353 760 set
378 716 515 761 rabie
540 715 745 777 linguae
771 731 853 760 me
878 721 1052 760 tamen
1080 714 1185 761 ulta
1210 718 1360 777 prius.

207 788 348 835 fidite
376 806 441 835 ne
467 793 638 852 regnis
665 797 717 836 et
742 789 884 851 prole
911 796 964 836 et
990 792 1146 852 stirpe
1172 796 1458 853 parentum,
1692 806 1718 837 0

273 866 579 926 quicumque
604 864 700 910 hoc
727 871 954 911 nostrum
982 868 1112 927 σῆμα
1139 866 1270 916 κυνὸς
1294 865 1478 927 legitis.

686 1047 1248 1095 XXVI.-—P0vaENAE

204 1165 369 1212 TROAS
397 1167 633 1214 Achilleo
658 1172 929 1215 coniuncta
960 1169 1215 1231 Polyxena
1240 1170 1388 1215 busto

272 1241 549 1288 malueram
575 1243 716 1288 nullo
742 1246 964 1305 caespite
991 1243 1167 1290 functa
1191 1247 1312 1305 tegi.

206 1331 308 1361 non
334 1316 467 1362 bene
494 1316 751 1363 discordes
776 1317 999 1364 tumulos
1024 1321 1263 1375 miscetis,
1290 1317 1470 1363 Achivi
1493 1336 1500 1363 :

272 1390 368 1437 hoc
394 1391 580 1438 violare
606 1396 783 1455 magis,
809 1410 959 1455 quam
987 1392 1202 1456 sepelire
1229 1392 1339 1440 fuit.

306 1594 679 1642 XXVII.—DE
719 1598 879 1642 NIOBE
920 1614 969 1643 IN
1010 1597 1192 1644 S1pv110
1232 1598 1421 1644 MoNTE
1460 1612 1608 1644 IUXTA

727 1665 941 1712 FONTEM
980 1665 1202 1713 SEPULTA

203 1783 490 1830 THEBARUM
517 1789 693 1847 regina
718 1786 806 1843 fui,
835 1787 1055 1850 Sipyleia
1082 1795 1254 1834 cautes

271 1875 400 1921 quae
422 1860 572 1906 modo
598 1877 707 1907 sum
729 1879 737 1907 :
775 1861 897 1908 laesi
923 1866 1131 1908 numina
1158 1863 1443 1910 Letoidum.

203 1933 277 1979 bis
304 1941 501 1995 septem
528 1940 660 1982 natis
687 1941 923 1998 genetrix
949 1937 1081 1983 laeta
1108 1944 1262 2000 atque
1290 1938 1520 1999 superba,

271 2015 350 2055 tot
375 2009 496 2055 duxi
520 2017 684 2057 mater
709 2010 905 2070 funera,
931 2019 1055 2075 quot
1081 2016 1247 2074 genui.

204 2099 297 2129 nec
324 2087 442 2130 Satis
468 2084 563 2130 hoc
590 2085 716 2131 divis
738 2103 746 2132 :
785 2086 910 2132 duro
937 2086 1242 2133 circumdata
1269 2103 1385 2132 saxo
1689 2100 1716 2130 a)

271 2162 413 2205 amisi
438 2159 647 2206 humani
673 2165 891 2223 corporis
918 2161 1135 2223 effigiem
1156 2178 1166 2217 3

203 2239 282 2280 set
306 2233 448 2279 dolor
473 2235 744 2281 obstructis
770 2252 1073 2298 quamquam
1099 2236 1333 2282 vitalibus
1360 2236 1536 2283 haeret

270 2315 643 2371 perpetuasque
669 2313 800 2372 rigat
825 2309 969 2356 fonte
994 2313 1076 2371 pio
1103 2310 1344 2357 lacrimas.

204 2399 293 2445 pro
319 2382 539 2429 facinus!
580 2390 823 2430 tantaene
850 2388 1028 2430 animis
1055 2385 1357 2432 caelestibus
1382 2388 1518 2431 irae?

272 2457 421 2504 durat
445 2456 611 2503 adhuc
638 2458 822 2515 luctus,
847 2462 1020 2505 matris
1046 2463 1212 2522 imago
1236 2463 1381 2522 perit.
1656 2462 1714 2506 lO

212 2688 302 2736 ¹54
