1871 3046
848 197 1207 246 AUSONIUS

455 371 847 418 VL—-Amrfflo
886 372 1149 417 MzNERwo
1190 369 1327 415 F1L10
1371 370 1600 417 RHETORI

270 496 316 543 O
344 512 456 542 FLOS
479 499 720 543 iuvenum

268 581 382 626 spes
407 564 542 611 laeta
566 567 721 626 patris

267 649 361 678 nec
388 639 527 678 certa
550 639 668 678 tuae

266 700 386 746 data
410 716 488 745 res
514 702 724 760 patriae,

266 767 440 813 rhetor
466 766 641 812 Alethi
663 782 672 810 ε

264 842 320 880 tu
347 837 615 897 primaevis

266 902 443 948 doctor
467 905 520 947 in
544 905 690 948 annis
711 919 720 948 ε

265 977 512 1032 tempore,
538 986 638 1032 quo
663 977 717 1017 te

266 1038 461 1084 discere
487 1037 719 1084 adultum

265 1122 369 1152 non
396 1113 543 1168 turpe
569 1105 717 1163 foret,

266 1180 606 1236 praetextate,

267 1246 365 1288 iam
391 1245 611 1304 genitori

267 1309 497 1356 conlatus
523 1326 631 1356 eras

267 1385 482 1441 postque
512 1378 721 1424 Paterae

268 1452 321 1492 et
345 1453 656 1508 praeceptor.

266 1513 352 1559 ille
378 1515 624 1576 superbae

265 1586 465 1628 moenia
493 1582 680 1628 Romae

265 1649 398 1696 fama
423 1656 476 1696 et
501 1654 695 1697 meritis

263 1718 469 1765 inclitus
493 1722 634 1764 auxit
654 1735 663 1764 :

263 1789 421 1832 maior
449 1792 661 1849 utroque

263 1861 318 1900 tu
349 1853 650 1917 Burdigalae

262 1922 427 1969 laetus
454 1926 645 1984 patriae

263 1990 394 2036 clara
420 1990 639 2036 cohortis

264 2058 446 2104 vexilla
472 2074 668 2120 regens,

263 2133 446 2172 cuncta
471 2126 691 2172 habuisti

263 2194 526 2240 commoda
551 2194 659 2251 fati,

262 2278 364 2307 non
391 2265 498 2308 sine
525 2278 689 2308 morsu

859 767 886 811 U(

826 1106 886 1152 10

1096 497 1260 556 gravis
1284 493 1504 540 invidiae
1525 512 1533 540 :

1096 565 1264 607 omnia
1287 578 1502 624 praecox

1095 628 1417 676 fortunattibi

1096 697 1241 744 dedit
1266 704 1319 744 et
1344 701 1511 760 rapuit
1531 715 1540 743 :

1096 772 1149 811 et
1173 764 1477 812 rhetoricam

1094 832 1225 880 floris
1248 833 1412 880 adulti

1094 900 1241 964 fruge
1268 908 1546 959 carentem,

1096 976 1150 1015 et
1176 971 1446 1016 conubium

1095 1038 1265 1084 nobile
1291 1041 1474 1084 soceris

1095 1109 1202 1152 sine
1228 1122 1352 1169 pace
1378 1109 1552 1168 patris,

1094 1180 1147 1220 et
1174 1173 1375 1220 divitias

1094 1246 1356 1304 utriusque
1382 1245 1490 1288 sine

1096 1310 1284 1357 herede
1310 1310 1502 1356 domus.

1096 1378 1373 1425 solstitialis

1096 1445 1237 1493 velut
1260 1445 1417 1492 herba
1442 1446 1572 1492 solet

1094 1520 1380 1561 ostentatus

1095 1589 1369 1645 raptusque
1395 1581 1558 1639 simul,

1092 1652 1283 1712 pubere
1308 1653 1359 1695 in
1385 1666 1509 1696 aevo

1092 1719 1360 1765 deseruisti

1092 1792 1207 1833 vota
1231 1793 1448 1843 tuorum,

1092 1871 1194 1900 non
1218 1857 1464 1900 mansuris

1091 1929 1269 1969 ornate
1295 1923 1452 1968 bonis.

1088 2007 1236 2052 quam
1261 1989 1507 2052 fatiloquo

1088 2058 1225 2104 dicte
1251 2056 1453 2119 profatu

1089 2142 1260 2172 versus
1292 2126 1473 2171 Horati
1495 2142 1504 2170 ε

1088 2199 1119 2219 “
1138 2193 1222 2239 Nil
1248 2200 1327 2240 est
1350 2194 1413 2240 ab
1438 2197 1574 2239 omni

1088 2268 1233 2323 parte
1258 2261 1515 2308 beatum.''

1668 630 1784 676 -30

1720 971 1782 1016 35

1719 1311 1782 1357 40

1717 1651 1842 1700 45*

314 2448 326 2472 ¹
359 2448 451 2488 The
470 2448 669 2500 military
688 2454 824 2488 tet-ms
845 2461 918 2487 are
941 2447 1261 2500 metaphorical
1279 2464 1287 2487 :
1320 2447 1468 2487 cohors
1489 2450 1570 2498 (cp.
1591 2448 1768 2488 Parent.

260 2514 355 2542 XIV.
381 2503 424 2553 2)
454 2504 491 2543 is
511 2503 589 2543 the
609 2502 727 2542 band
747 2502 792 2542 of
818 2502 983 2555 youths
1005 2503 1104 2541 who
1126 2515 1239 2542 were
1258 2501 1408 2554 pupils
1429 2501 1517 2541 and
1538 2501 1679 2542 under
1698 2502 1776 2543 the

259 2557 510 2610 leadership
532 2557 576 2597 of
605 2557 865 2596 Minervius.

268 2680 357 2725 108
