1871 3046
810 172 1169 221 AUSONIUS

234 304 415 367 quibus
466 321 578 367 ego,
615 305 749 368 quod
787 305 849 351 ad
886 321 1029 352 usum
1071 307 1314 367 pertinet,
1351 304 1464 362 lusi,
1513 305 1648 368 quod
1684 305 1748 351 ad

234 393 532 452 molestiam,
569 395 803 441 laboravi.
877 394 1051 440 libello
1099 393 1517 456 Technopaegnii
1561 410 1747 440 nomen

233 481 368 539 dedi,
410 499 475 529 ne
517 490 605 529 aut
646 482 822 529 ludum
867 483 1132 540 laboranti,
1175 489 1264 529 aut
1305 489 1468 529 artem
1516 483 1748 530 crederes

231 571 452 618 defuisse
478 571 690 618 ludenti.

574 788 967 835 IL-Ausons
1007 790 1232 836 PAUmNo
1272 787 1407 834 Suo1

300 920 417 965 MISI
442 920 504 966 ad
530 926 583 966 te
610 920 1091 984 Technopaegnion,
1118 925 1296 968 inertis
1322 925 1411 968 otii
1438 926 1539 968 mei
1565 922 1746 969 inutile

229 1008 540 1070 opusculum.
628 1009 860 1056 versiculi
909 1017 1028 1057 sunt
1075 1011 1433 1074 monosyllabis
1482 1014 1651 1073 coepti
1694 1017 1748 1058 et

229 1098 587 1161 monosyllabis
612 1101 886 1145 terminati.
962 1115 1057 1145 nec
1082 1099 1163 1145 hic
1189 1100 1339 1146 modo
1366 1103 1512 1146 stetit
1537 1117 1747 1162 scrupea

230 1186 510 1245 difficultas,
551 1187 640 1234 sed
676 1192 889 1235 accessit
930 1189 994 1235 ad
1036 1192 1289 1235 miseriam
1329 1189 1650 1246 conectendi,
1688 1197 1746 1236 ut

227 1275 364 1323 idem
389 1277 790 1340 monosyllabon,
815 1277 949 1340 quod
984 1284 1119 1325 esset
1156 1278 1266 1324 finis
1305 1282 1521 1324 extremi
1558 1295 1747 1337 verSUS,

227 1369 532 1428 principium
569 1366 714 1413 fieret
750 1370 1080 1430 insequentis.
1156 1367 1236 1412 dic
1276 1383 1426 1429 ergo:
1465 1384 1493 1412 o
1529 1384 1682 1425 mora,
1717 1385 1745 1414 o

229 1456 419 1516 poena!
492 1472 599 1501 rem
639 1472 819 1501 vanam
860 1459 1049 1518 quippe
1089 1459 1285 1501 curavi:
1338 1459 1519 1517 exigua
1558 1463 1652 1514 est,
1692 1463 1745 1503 et

227 1542 515 1589 fastiditur:
560 1547 809 1589 inconexa
846 1550 924 1590 est
962 1550 1015 1590 et
1052 1543 1371 1606 implicatur:
1414 1561 1529 1589 cum
1565 1547 1629 1590 sit
1661 1544 1745 1590 ali-

227 1632 364 1695 quid,
405 1632 485 1679 vel
525 1633 671 1678 nihili
710 1633 1128 1696 deprehenditur,
1204 1633 1423 1679 laboravi
1459 1640 1649 1691 tamen,
1686 1641 1745 1681 ut

226 1721 441 1768 haberet
488 1729 576 1768 aut
625 1723 899 1769 historicon
954 1726 1229 1785 quippiam,
1283 1729 1371 1769 aut
1423 1723 1739 1769 dialecticon.

225 1827 343 1856 nam
381 1815 633 1873 poeticam
673 1812 752 1858 vel
792 1811 1117 1874 sophisticam
1157 1812 1419 1858 levitatem
1468 1815 1743 1859 necessitas

226 1902 588 1948 observationis
626 1902 852 1948 exclusit.
933 1901 997 1948 ad
1041 1919 1303 1958 summam,
1341 1918 1444 1947 non
1487 1908 1566 1948 est
1607 1902 1741 1964 quod

225 1993 448 2037 mireris:
488 1991 577 2037 sed
604 1995 774 2052 paucis
799 1991 985 2037 litteris
1010 1990 1212 2047 additis,
1249 1997 1328 2036 est
1365 1993 1504 2036 cuius
1541 1994 1741 2037 misere-

224 2082 320 2125 aris
364 2096 531 2142 neque
574 2080 813 2126 aemulari
862 2080 998 2126 velis.
1075 2086 1127 2126 et
1170 2083 1210 2126 si
1257 2079 1355 2125 huc
1404 2096 1604 2142 quoque
1652 2080 1739 2127 de-

225 2169 497 2226 scenderis,
557 2172 798 2215 maiorem
855 2169 1139 2216 molestiam
1200 2172 1366 2231 capias
1428 2172 1621 2231 ingenii
1686 2176 1740 2216 et

226 2257 491 2304 facundiae
545 2257 873 2316 detrimento,
923 2275 1073 2321 quam
1127 2257 1525 2304 oblectationem
1574 2261 1735 2304 imita-

224 2351 376 2394 tionis
412 2348 611 2395 affectu.

279 2457 291 2481 ¹
323 2459 428 2499 This
449 2459 653 2512 heading,
678 2459 821 2498 which
843 2460 879 2498 is
900 2458 1089 2498 omitted
1109 2458 1169 2511 by
1190 2458 1266 2498 the
1286 2459 1327 2497 Z
1344 2471 1483 2511 group
1514 2458 1558 2498 of
1588 2457 1733 2507 MSS„

224 2512 420 2566 depensis
441 2528 496 2553 on
517 2514 595 2554 the
615 2514 846 2566 authority
867 2513 912 2553 of
933 2514 1008 2553 the
1030 2513 1176 2566 Lyons
1197 2513 1377 2553 editors.

226 2653 322 2699 288
