1871 3046
850 211 1209 260 AUSONIUS

273 364 368 410 ego
392 363 628 394 recusans
652 364 753 393 non
781 351 949 409 recepi
976 353 1029 393 et
1054 347 1254 393 reddidi

271 415 539 462 ferendum
564 415 627 462 ad
652 415 789 472 alios,
816 432 938 478 quos
965 418 1153 477 priores
1180 414 1452 462 crederem.

271 484 391 530 dein
416 500 506 546 per
530 500 705 530 01111163
730 490 926 545 septem
954 487 1209 546 sapientes
1234 486 1364 528 viros
1634 538 1637 540 ,
1687 481 1780 529 170

271 555 477 599 missum
501 568 558 597 36
583 555 846 598 1·6ι1113311111
871 568 1038 598 rursus
1062 551 1126 597 ad
1151 567 1232 597 me
1258 549 1511 598 deferunt.

271 636 367 682 ego
391 627 654 682 receptum
681 623 966 666 consecravi
992 619 1248 681 Apollini;

270 705 388 733 nam
414 691 453 734 si
479 691 763 749 sapientem
788 688 946 750 deligi
974 687 1206 734 Phoebus
1231 688 1390 744 iubet,

271 772 374 801 non
400 755 658 801 hominen]
684 772 1006 819 quemquam,
1033 762 1111 802 set
1137 756 1290 802 deum
1317 755 1455 801 credi
1481 754 1644 801 decet.

340 822 387 868 Is
413 826 569 884 igitur
595 839 689 885 ego
716 840 838 872 sum.
915 841 1061 870 causa
1087 831 1165 870 set
1190 827 1242 870 in
1269 840 1501 870 scaenam
1527 823 1625 869 fuit
1688 822 1780 869 175

269 889 393 935 1111111
417 890 719 952 prodeundi,
744 908 873 953 quae
899 892 1094 938 duobus
1120 898 1240 938 ante
1266 909 1364 950 me,

268 957 496 1004 adsertor
522 965 580 1004 ut
605 963 892 1006 sententiae
917 959 1091 1006 fierem
1115 977 1272 1007 meae.

269 1042 328 1072 ea
352 1026 658 1089 displicebit,
685 1043 787 1073 non
813 1034 986 1074 tamen
1012 1028 1363 1090 prudentibus,

268 1111 392 1157 quos
418 1094 593 1141 docuit
617 1111 734 1142 usus
761 1102 814 1142 et
839 1099 1028 1158 peritos
1055 1095 1293 1143 reddidit,

270 1178 334 1208 en
361 1165 519 1226 ἐγγύα,
546 1165 671 1226 πάρα
698 1162 735 1211 δ’
760 1165 861 1221 ἄτα,
890 1181 1071 1226 graece
1097 1164 1339 1210 dicimus:
1690 1163 1785 1209 180

272 1230 509 1277 Latinum
538 1237 632 1289 est,
659 1232 870 1293 sponde,
895 1249 1025 1278 noxa
1051 1239 1130 1278 set
1155 1239 1356 1295 praesto
1380 1233 1487 1279 tibi.

267 1315 357 1360 per
382 1299 521 1345 mille
548 1316 747 1361 possem
774 1317 975 1347 currere
1003 1300 1250 1363 exempla,
1279 1307 1335 1346 ut
1359 1301 1568 1362 probem

266 1367 479 1429 praedes
506 1367 760 1430 vadesque
787 1368 1133 1430 paenitudinis
1160 1385 1283 1415 reos.

268 1435 358 1481 sed
383 1435 500 1481 nolo
528 1452 834 1498 quemquam
860 1440 1159 1482 nominatim
1186 1437 1384 1483 dicere:

268 1503 362 1549 sibi
387 1507 601 1566 quisque
629 1510 853 1550 vestrum
880 1504 1017 1551 dicat
1043 1511 1096 1551 et
1121 1521 1293 1551 secum
1317 1511 1484 1567 putet,
1692 1505 1783 1550 185

267 1571 518 1633 spondere
545 1575 747 1635 quantis
774 1572 959 1618 damno
987 1572 1142 1620 fuerit
1169 1579 1221 1619 et
1247 1573 1391 1622 maIO.

268 1646 470 1701 gratum
496 1639 591 1686 hoc
617 1640 832 1686 officium
858 1648 1063 1688 maneat
1089 1642 1332 1687 ambobus
1357 1648 1543 1688 tamen.

338 1707 454 1753 Pars
481 1708 710 1770 plaudite
739 1725 877 1772 ergo,
902 1726 1015 1772 pars
1041 1709 1216 1756 offensi
1243 1709 1513 1772 explodite.

861 1903 1194 1952 VIII.—B1As

268 1991 386 2037 BIAS
414 1992 656 2038 Prieneus
684 1990 841 2057 [quod
859 1990 898 2057 1]
924 1993 1027 2039 dixi
1056 1996 1097 2041 οἶ
1122 1997 1341 2042 πλεῖστοι
1368 2016 1512 2051 κακοι,

271 2059 452 2106 Latine
479 2060 672 2106 dictum
701 2064 954 2123 suspicor:
992 2061 1162 2122 plures
1189 2062 1318 2107 mali.
1691 2063 1786 2110 190

269 2128 455 2175 dixisse
481 2128 701 2184 nollem;
738 2132 923 2175 veritas
949 2129 1121 2176 odium
1146 2129 1317 2191 parit.2

268 2196 425 2243 malos
451 2197 541 2243 sed
570 2200 831 2258 imperitos
858 2197 961 2242 dixi
988 2204 1041 2244 et
1066 2198 1318 2256 barbaros,

268 2268 354 2327 qui
380 2268 456 2310 ius
482 2271 535 2311 et
561 2281 780 2327 aequum
807 2272 859 2311 et
885 2282 1049 2311 sacros
1075 2282 1237 2312 mores
1263 2266 1561 2328 neglegunt.

268 2349 383 2377 nam
412 2333 628 2394 populus
652 2336 766 2390 iste,
793 2350 892 2395 quo
917 2333 1177 2379 theatrum
1206 2337 1443 2395 cingitur,

268 2407 406 2447 totus
434 2402 679 2446 bonorum
706 2407 795 2447 est.
871 2401 1094 2447 hostium
1120 2401 1272 2448 tellus
1298 2402 1469 2459 habet,
1692 2403 1785 2449 195

323 2509 338 2532 1
367 2509 521 2562 Suppl.
553 2509 723 2560 Peiper.

320 2562 337 2586 2
366 2563 570 2613 Terence,
610 2565 752 2605 Andr.
794 2566 874 2606 68:
921 2565 1177 2618 obsequium
1215 2567 1391 2614 amicos,
1430 2567 1594 2607 veritas
1636 2566 1785 2606 odium

269 2619 399 2669 parit.

273 2711 368 2755 324

1810 2748 1871 3046 mmm„
1844 2736 1848 2738 ,
1835 2712 1847 2725 ..
