1871 3046
827 215 1183 264 AUSONIUS

243 350 490 394 maximus
515 347 579 392 ad
605 364 856 394 summum
882 348 1115 395 columen
1140 350 1374 410 pervenit
1400 346 1663 403 honorum,

313 426 601 489 praefectus
628 427 785 474 Gallis
811 434 863 474 et
891 427 1080 491 Libyae
1108 435 1161 475 et
1188 427 1348 484 Latio,

242 505 561 569 tranquillus,
588 506 828 564 clemens,
855 506 1026 564 oculis,
1053 523 1192 564 voce,
1218 522 1303 552 ore
1329 520 1554 563 serenus,

310 588 364 630 in
389 588 620 647 genitore
647 601 734 632 suo
759 592 934 632 mente
959 589 1228 648 animoque
1254 601 1393 647 puer.

242 662 390 709 huius
417 679 512 726 ego
538 670 591 709 et
615 670 789 710 natum
818 670 871 710 et
897 680 1143 725 generum
1169 680 1258 726 pro
1284 662 1490 709 consule
1518 661 1651 717 vidi;
1696 660 1758 706 45

312 742 486 788 consul
511 748 569 788 ut
593 746 700 804 ipse
726 741 874 799 foret,
902 757 1016 803 spes
1040 742 1165 787 mihi
1190 749 1329 788 certa
1352 741 1463 788 fuit.

242 819 521 866 matronale
549 819 704 865 decus
730 819 957 880 possedit
984 819 1097 876 filia,
1126 823 1265 865 cuius

311 900 517 960 egregia
544 903 597 942 et
621 903 812 959 nuptae
837 897 945 943 laus
973 904 1081 943 erat
1107 904 1160 943 et
1185 897 1383 954 viduae,

242 991 371 1039 quae
396 979 503 1021 nati
529 978 809 1038 generique
836 981 890 1021 et
915 978 1185 1037 progeneri
1211 974 1359 1021 simul
1385 978 1611 1020 omnium

310 1053 580 1115 multiplici
606 1052 845 1100 inlustres
870 1053 998 1100 vidit
1022 1053 1213 1100 honore
1239 1053 1426 1100 domos.
1696 1053 1760 1099 50

242 1136 350 1194 ipse
375 1148 470 1178 nec
496 1130 760 1178 adfectans
785 1148 880 1178 nec
906 1131 1220 1178 detrectator
1244 1131 1493 1178 honorum

309 1209 598 1273 praefectus
624 1214 796 1272 magni
821 1227 1086 1272 nuncupor
1112 1210 1313 1273 Illyrici.

243 1288 368 1335 haec
394 1305 476 1335 me
502 1288 737 1335 fortunae
763 1288 902 1350 larga
926 1288 1247 1351 indulgentia
1273 1293 1428 1335 suasit

311 1371 520 1414 numine
545 1367 752 1413 adorato
780 1370 912 1413 vitae
939 1368 1134 1414 obitum
1160 1374 1353 1429 petere,

243 1461 307 1492 ne
333 1444 622 1491 fortunatae
649 1448 868 1507 spatium
893 1445 1182 1492 inviolabile
1208 1449 1342 1492 vitae
1697 1445 1758 1490 55

310 1522 452 1569 fatali
477 1539 644 1569 morsu
672 1526 948 1586 stringeret
974 1523 1076 1569 ulla
1101 1524 1222 1570 dies.

242 1605 440 1663 optinui
465 1601 772 1665 auditaeque
797 1618 1002 1664 preces:
1041 1619 1200 1664 spem,
1225 1608 1356 1660 vota,
1382 1605 1617 1648 timorem

311 1684 505 1742 sopitus
529 1681 728 1743 placido
755 1681 853 1728 fine
880 1681 1111 1745 relinquo
1136 1681 1259 1729 aliis.

242 1761 379 1804 inter
403 1766 706 1817 maerentes,
735 1759 824 1806 sed
849 1776 950 1805 non
978 1776 1073 1822 ego
1098 1767 1337 1819 maestus,
1362 1763 1547 1805 amicos

311 1836 567 1899 dispositis
594 1841 724 1884 iacui
750 1837 941 1884 funeris
966 1840 1198 1885 arbitriis.
1698 1837 1760 1884 60

243 1919 526 1978 nonaginta
551 1932 709 1962 annos
735 1916 914 1963 baculo
939 1921 1064 1975 sine,
1092 1933 1299 1979 corpore
1324 1923 1434 1963 toto

312 1997 477 2055 exegi,
505 1998 701 2041 cunctis
727 1998 930 2058 integer
956 1996 1139 2044 officiis,

242 2071 367 2118 haec
393 2075 699 2135 quicumque
727 2073 885 2136 leges,
908 2090 1009 2119 non
1034 2075 1369 2135 aspernabere
1400 2074 1487 2119 fari
1508 2091 1517 2120 :

310 2149 425 2196 talis
451 2154 554 2197 vita
578 2153 689 2209 tibi,
714 2152 881 2214 qualia
906 2159 1022 2198 vota
1047 2152 1184 2200 mihi.

303 2313 319 2338 ¹
349 2315 572 2354 Ausonius
605 2315 782 2355 himself
818 2329 906 2355 was
941 2316 1149 2368 properly
1179 2316 1350 2368 prefect
1373 2316 1418 2356 of
1441 2317 1517 2356 the
1537 2315 1674 2356 Gauls
1697 2316 1761 2366 (in

245 2371 370 2418 378);
401 2369 483 2408 but
519 2370 587 2409 his
622 2369 874 2421 prefecture
914 2384 1004 2410 was
1034 2370 1265 2410 combined
1296 2372 1406 2411 with
1438 2371 1539 2411 that
1571 2369 1673 2410 held
1702 2369 1762 2422 by

246 2424 487 2476 Hesperius
518 2424 581 2473 (of
610 2423 746 2476 Italy,
780 2424 1026 2477 Illyricum,
1059 2425 1145 2464 and
1177 2426 1362 2475 Africa).
