1871 3046
802 205 1163 253 AUSONIUS

782 359 1180 405 IL—PROLOGUS

223 472 423 519 SEPTEM
450 475 721 534 sapientes,
748 486 935 516 nomen
962 470 1141 532 quibus
1168 468 1304 514 istud
1330 467 1475 514 dedit

223 543 449 602 superior
472 545 611 585 aetas
636 555 731 585 nec
757 544 931 584 secuta
955 537 1175 594 sustulit,
1673 535 1735 581 20

223 608 374 654 hodie
399 611 452 653 in
477 607 785 653 orchestram
812 605 1005 668 palliati
1030 604 1299 667 prodeunt.

223 675 345 739 quid
371 676 624 721 erubescis
648 681 721 731 tu,
747 680 923 736 togate
954 673 1180 730 Romule,

223 759 458 790 scaenam
484 742 619 804 quod
645 743 930 788 introibunt
955 748 1060 788 tam
1088 741 1207 787 clari
1232 742 1358 786 viri?

223 812 367 856 nobis
393 809 690 872 pudendum
716 809 828 867 hoc,
854 826 957 855 non
983 816 1035 855 et
1061 810 1248 856 Atticis
1274 825 1474 872 quoque
1496 826 1505 854 :

223 879 404 941 quibus
429 877 690 924 theatrum
717 880 883 923 curiae
909 879 1122 939 praebet
1146 881 1322 924 vicem.
1677 877 1737 921 25

223 949 407 992 nostris
432 948 635 1007 negotis
662 961 750 991 sua
773 944 886 990 loca
912 949 1089 991 sortito
1115 945 1262 992 data:

224 1029 430 1076 campus
455 1016 687 1070 comitiis,
712 1019 771 1059 ut
797 1016 1091 1074 conscriptis
1117 1017 1267 1070 curia,

224 1082 390 1128 forum
414 1088 568 1144 atque
593 1088 753 1127 rostra
777 1088 976 1143 separat
1000 1085 1076 1127 ius
1092 1081 1107 1110 1
1134 1085 1330 1127 civium.

225 1167 326 1196 una
352 1156 430 1196 est
455 1149 676 1196 Athenis
700 1155 854 1212 atque
880 1153 933 1194 in
958 1152 1093 1194 omni
1122 1149 1333 1196 Graecia

225 1218 288 1265 ad
315 1217 683 1264 consulendum
708 1217 897 1280 publici
924 1217 1069 1264 sedes
1094 1217 1207 1275 loci,
1678 1217 1740 1262 30

227 1303 377 1350 quam
402 1289 455 1331 in
479 1286 604 1332 urbe
629 1292 802 1332 nostra
827 1302 937 1331 sero
961 1285 1108 1332 luxus
1135 1285 1375 1333 condidit.

226 1354 402 1401 aedilis
429 1354 548 1400 olim
574 1370 807 1400 scaenam
833 1353 1112 1400 tabulatam
1138 1354 1291 1400 dabat

227 1424 395 1470 subito
421 1425 694 1468 excitatam
719 1421 860 1467 nulla
885 1421 1017 1468 mole
1044 1438 1205 1468 saxea.

228 1491 445 1537 Murena
470 1493 540 1536 sic
566 1496 619 1536 et
645 1489 869 1536 Gallius:
907 1496 1029 1535 nota
1054 1490 1272 1552 eloquar.

226 1565 494 1622 postquam
519 1564 758 1620 potentes
783 1574 879 1604 nec
904 1564 1141 1604 verentes
1167 1565 1458 1620 sumptuum
1680 1559 1741 1603 3.)

227 1643 415 1673 nomen
440 1643 668 1689 perenne
695 1626 1039 1683 crediderunt,
1067 1630 1105 1672 si
1131 1627 1288 1672 semel

229 1701 519 1742 constructa
543 1694 702 1741 moles
728 1710 878 1751 saxeo
904 1693 1200 1741 fundamine

227 1767 280 1810 in
305 1779 456 1810 omne
481 1769 685 1825 tempus
711 1762 957 1809 conderet
981 1762 1113 1809 ludis
1139 1763 1305 1809 locum
1326 1779 1335 1809 :

665 1850 681 1874 1
710 1850 929 1901 Scaliyer:
961 1851 1192 1903 separatis,
1229 1850 1316 1890 VP.

284 1962 298 1987 1
329 1963 551 2002 Ausonius
581 1963 659 2002 has
689 1963 733 2002 in
764 1963 886 2001 mind
916 1976 941 2001 a
971 1976 1153 2016 passage
1188 1963 1300 2002 from
1332 1962 1560 2003 Cornelius
1596 1964 1746 2016 Nepos

231 2018 402 2069 (Praef.
427 2019 493 2067 5):
517 2018 687 2070 magnis
708 2018 752 2057 in
774 2017 979 2057 laudibus
1000 2018 1196 2069 totafere
1206 2018 1301 2068 fuit
1324 2018 1509 2058 Graecia
1524 2021 1602 2069 (cp.
1626 2019 1653 2058 1.
1675 2019 1743 2067 29)

229 2073 443 2112 victorem
466 2071 697 2125 Olympiae
718 2073 861 2121 citari,
888 2071 933 2111 in
953 2085 1151 2111 scaenam
1172 2086 1267 2112 ¹vero
1292 2073 1473 2123 prodire
1503 2087 1552 2112 ac
1581 2073 1745 2126 populo

230 2141 323 2167 esse
345 2127 597 2179 spectaculo
617 2126 779 2167 nemini
800 2126 846 2166 in
868 2126 1025 2166 eisdem
1045 2127 1340 2178 {sentibnsfuit
1363 2127 1640 2177 turpitudini.

285 2181 301 2206 2
329 2182 397 2222 226.
429 2182 498 2222 for
529 2181 736 2221 different
766 2195 880 2230 uses,
913 2182 990 2222 the
1020 2181 1165 2221 forum
1195 2182 1264 2221 for
1293 2182 1407 2234 legal
1429 2182 1644 2232 business,
1669 2183 1744 2222 the

231 2241 375 2277 rostra
396 2236 464 2276 for
484 2236 634 2288 public
655 2236 882 2289 speaking.

285 2291 302 2316 ³
331 2291 424 2330 The
453 2295 696 2331 statement
729 2292 764 2330 is
794 2291 927 2340 loose,
952 2291 1069 2330 since
1090 2290 1262 2331 Athens
1299 2290 1384 2341 (for
1408 2291 1626 2344 example)
1656 2291 1742 2331 had

230 2347 289 2386 its
323 2346 630 2395 βουλευτήριον.
694 2345 784 2385 But
817 2346 1040 2385 Ausonius
1071 2346 1107 2385 is
1139 2345 1350 2398 thinking
1383 2345 1428 2385 of
1466 2347 1543 2386 the
1581 2360 1658 2386 use
1697 2351 1744 2386 to

230 2400 375 2440 which
399 2400 477 2440 the
507 2400 683 2440 theatre
712 2413 802 2440 was
831 2404 915 2452 put
944 2401 989 2439 in
1018 2413 1073 2439 an
1104 2414 1377 2453 emergency,
1403 2414 1450 2440 as
1470 2401 1515 2440 in
1537 2402 1615 2440 338
1638 2412 1741 2449 B.C.‚

230 2455 373 2503 when,
397 2455 443 2494 in
473 2455 551 2494 the
582 2455 719 2494 alarin
748 2455 891 2494 which
912 2454 1117 2494 followed
1139 2455 1216 2495 the
1237 2459 1419 2507 capture
1440 2455 1485 2494 of
1508 2456 1665 2495 Elatea
1685 2455 1744 2507 by

230 2509 395 2562 Philip,
427 2509 505 2549 the
535 2509 761 2549 Athenian
790 2509 947 2562 people
977 2511 1224 2560 συνέδραμεν
1248 2511 1305 2550 εἰς
1328 2511 1377 2549 τὸ
1400 2510 1566 2561 θέατρον
1589 2509 1735 2559 (Diod.

232 2563 316 2605 Sic.
342 2575 437 2604 XVI.
463 2564 630 2603 lxxxiv.
659 2565 713 2613 3).
777 2563 869 2603 The
901 2565 1068 2604 Roman
1096 2577 1260 2616 envoys
1291 2573 1338 2604 to
1368 2564 1608 2604 Tarentum
1630 2577 1743 2604 were

228 2618 423 2672 brought
461 2619 555 2659 into
594 2619 671 2659 †he
711 2619 905 2659 Theatre
946 2620 1007 2667 (in
1047 2619 1272 2660 theatrum
1312 2625 1357 2657 uc
1397 2625 1455 2658 est
1489 2620 1742 2660 consuetudo

232 2711 328 2756 312
