1871 3046
861 201 1218 251 AUSONIUS

283 348 469 394 quaero
493 349 588 379 nec
612 337 804 380 arcanis
828 351 1020 381 numen
1047 337 1277 380 coniecto
1303 334 1394 379 sub
1420 336 1550 379 extis
1571 348 1580 377 z

282 417 322 460 si
349 414 537 461 scelere
562 416 793 462 abstineo
819 420 972 462 errori
998 417 1242 462 obnoxius
1269 422 1322 461 et
1346 418 1386 460 si

280 502 402 558 opto
426 500 601 559 magis,
628 514 777 559 quam
805 498 918 555 fido,
944 498 1103 542 bonus
1130 511 1384 557 purusque
1409 496 1621 556 probari.

280 577 562 625 confessam
588 580 797 641 dignare
823 583 1059 636 animam,
1085 582 1125 623 si
1150 578 1378 623 membra
1403 576 1590 622 caduca

280 676 487 706 execror
512 667 565 706 et
589 664 801 707 tacitum
829 663 866 705 si
894 662 1126 721 paenitet
1150 658 1353 720 altaque
1380 674 1555 704 sensus
1730 659 1792 704 55

278 741 493 788 formido
519 746 774 788 excruciat
798 747 1155 803 tormentaque
1182 757 1289 787 sera
1315 740 1583 802 gehennae

278 827 524 885 anticipat
549 827 842 885 patiturque
869 839 982 869 suos
1008 839 1152 869 mens
1178 826 1344 869 saucia
1369 822 1580 868 manes.l

347 904 440 961 Da,
466 912 627 966 pater,
655 905 779 950 haec
806 911 978 951 nostro
1004 905 1110 951 fieri
1134 912 1242 951 rata
1268 912 1384 951 vota
1408 911 1630 967 precatu.

277 986 348 1031 nil
374 993 601 1032 metuam
627 990 927 1049 cupiamque
953 987 1082 1032 nihil
1103 1005 1112 1033 :
1131 987 1149 1016 2
1186 990 1305 1033 satis
1331 987 1426 1033 hoc
1451 1004 1562 1032 rear
1588 1003 1712 1044 esse,

277 1069 412 1130 quod
438 1071 558 1114 satis
585 1075 692 1124 est3
729 1069 801 1114 nil
827 1077 977 1130 turpe
1004 1069 1155 1115 velim
1181 1086 1276 1116 nec
1303 1086 1450 1115 causa
1475 1069 1678 1131 pudoris
1731 1069 1793 1114 60

277 1153 369 1196 sim
386 1150 511 1196 mihi
530 1167 541 1206 ;
567 1167 669 1196 non
686 1150 865 1196 faciam
883 1155 1133 1214 cuiquam,
1152 1168 1280 1214 quae
1298 1159 1526 1213 tempore
1545 1151 1725 1197 eodem

275 1232 432 1278 nolim
459 1232 593 1279 facta
619 1233 782 1279 mihi.3
851 1250 946 1279 uec
974 1249 1091 1280 vero
1118 1237 1326 1279 crimine
1355 1233 1524 1279 laedar

275 1330 370 1360 nec
396 1315 619 1361 maculer
643 1315 826 1362 dubio:
864 1315 1071 1378 paulum
1102 1315 1289 1362 distare
1320 1316 1521 1362 videtur

276 1404 540 1459 suspectus
565 1414 785 1460 vereque
812 1414 939 1443 reus.
1013 1398 1145 1444 male
1171 1414 1316 1460 posse
1342 1398 1554 1444 facultas

275 1479 415 1525 nulla
440 1484 505 1526 sit
531 1487 585 1526 et
608 1482 740 1526 bene
767 1497 913 1542 posse
939 1481 1072 1526 adsit
1096 1481 1370 1543 tranquilla
1395 1489 1634 1543 potestas.
1728 1483 1789 1528 65

277 1565 370 1607 sim
394 1566 539 1608 tenui
565 1567 700 1608 victu
728 1569 881 1624 atque
907 1561 1101 1619 habitu,
1128 1567 1219 1608 sim
1246 1579 1387 1608 carus
1412 1566 1583 1609 amicis

277 1650 330 1689 et
356 1659 557 1705 semper
582 1648 785 1706 genitor
811 1648 919 1690 sine
947 1645 1155 1691 vulnere
1182 1648 1400 1690 nominis
1424 1644 1585 1691 huius.

274 1742 378 1770 non
402 1729 570 1771 animo
596 1725 813 1784 doleam,
838 1743 941 1771 non
967 1742 1173 1788 corpore
1195 1744 1204 1771 :
1243 1733 1425 1773 cuncta
1450 1730 1606 1773 suetis

275 1807 555 1869 fungantur
579 1809 806 1854 membra
831 1808 1030 1855 officiis:
1070 1826 1164 1854 nec
1191 1812 1386 1854 saucius
1413 1809 1526 1854 ullis

275 1891 500 1951 partibus
525 1894 762 1937 amissum
788 1891 1062 1953 quidquam
1087 1891 1346 1937 desideret
1371 1907 1501 1937 usus.
1731 1890 1792 1938 70

276 1988 400 2033 pace
426 1971 576 2029 fruar,
603 1989 807 2018 securus
832 1989 995 2034 agam,
1022 1973 1262 2018 miracula
1286 1979 1452 2019 terrae

277 2053 415 2099 nulla
443 2061 634 2115 putem.
707 2071 942 2116 suprema
968 2055 1037 2100 dii
1064 2072 1177 2101 cum
1204 2058 1403 2101 venerit
1429 2055 1566 2112 hora,

276 2151 371 2180 nec
396 2139 577 2181 timeat
602 2143 818 2182 mortem
844 2138 976 2183 bene
1002 2140 1200 2182 conscia
1224 2140 1327 2182 vita
1353 2154 1447 2182 nec
1473 2143 1631 2198 optet.

275 2233 428 2278 purus
454 2218 517 2263 ab
543 2219 752 2265 occultis
779 2236 891 2264 cum
918 2225 970 2264 te
997 2219 1299 2280 indulgente
1325 2219 1551 2276 videbor,

276 2302 444 2344 omnia
469 2299 760 2361 despiciam,
785 2300 940 2346 fuerit
965 2317 1078 2346 cum
1105 2300 1209 2346 sola
1233 2300 1463 2362 voluptas
1729 2299 1790 2347 75

277 2381 521 2428 iudicium
546 2398 747 2443 sperare
772 2389 948 2437 tuum3
987 2383 1120 2444 quod
1147 2382 1269 2428 dum
1296 2399 1383 2428 sua
1408 2383 1576 2429 differt

662 2492 677 2547 ἶ
709 2505 771 2542 cp.
799 2492 959 2543 Virgil‚
984 2491 1092 2531 Aen.
1119 2492 1177 2531 vi.
1204 2493 1293 2534 743.

664 2546 679 2568 2
710 2560 771 2596 cp.
801 2547 987 2594 Horace,
1013 2546 1094 2596 Ep.
1122 2547 1148 2585 i.
1178 2548 1242 2594 16,
1268 2548 1332 2586 35.

664 2600 679 2623 3
711 2614 773 2651 cp.
803 2601 960 2640 Matth.
991 2601 1061 2639 vii.
1093 2602 1154 2639 1⁴2.

283 2695 343 2724 20
