1871 3046
810 179 1162 228 AUSONIUS

239 326 359 372 quas
383 310 577 357 medius
602 310 792 356 dirimit
817 313 1026 355 sinuosis
1052 308 1260 355 flexibus
1286 326 1456 355 errans
1642 311 1736 355 285

237 397 413 451 amnis,
437 401 490 440 et
513 394 731 440 alternas
758 399 963 439 comunt
988 396 1236 454 praetoria
1262 397 1404 455 ripas.

305 479 429 537 Quis
453 479 602 524 modo
628 479 906 525 Sestiacum
931 477 1154 538 pelagus,
1184 477 1527 538 Nepheleidos
1557 478 1737 525 Helles

237 580 436 625 aequor,
464 562 698 625 Abydeni
723 562 853 608 freta
878 565 986 624 quis
1013 565 1223 608 miretur
1248 562 1467 623 ephebi?

239 652 347 710 quis
373 648 710 693 Chalcedonio
735 653 1043 692 constratum
1069 647 1131 692 ab
1156 646 1302 692 litore
1328 653 1555 708 pontum,

242 735 370 794 regis
394 748 517 793 opus
541 736 726 793 magni,
753 732 930 777 mediis
958 735 1157 792 euripus
1185 732 1268 776 ubi
1296 731 1441 777 undis
1645 733 1740 779 290

241 818 569 879 Europaeque
596 818 844 879 Asiaeque
870 824 1010 863 vetat
1034 834 1329 863 concurrere
1355 819 1549 863 terras?

238 918 340 947 non
364 901 447 946 hic
473 901 578 946 dira
603 901 720 946 freti
745 902 922 958 rabies,
948 918 1050 947 non
1077 918 1222 948 saeva
1246 901 1503 947 furentum

239 987 427 1050 proelia
452 1002 711 1032 caurorum
732 1002 742 1041 ;
779 986 900 1033 licet
924 986 1005 1032 hic
1032 990 1328 1033 commercia
1351 987 1555 1049 linguae

239 1076 448 1132 iungere
475 1078 528 1117 et
552 1071 747 1117 alterno
773 1088 1054 1117 sermonem
1080 1078 1254 1118 texere
1280 1072 1439 1133 pulsu.

240 1156 423 1202 blanda
448 1156 727 1202 salutiferas
753 1159 1060 1217 permiscent
1084 1155 1231 1201 litora
1255 1173 1416 1213 voces,
1646 1159 1739 1204 295

241 1248 293 1287 et
317 1257 461 1287 voces
487 1248 540 1286 et
565 1257 726 1302 paene
751 1256 928 1286 manus
949 1258 958 1286 :
995 1243 1281 1286 resonant-ia
1308 1244 1560 1303 utrimque

240 1327 390 1372 verba
414 1324 572 1371 referi:
595 1324 773 1370 mediis
799 1340 1100 1369 concurrens
1125 1323 1357 1370 fluctibus
1384 1325 1522 1371 echo.

307 1410 431 1468 Quis
446 1413 578 1472 potis
593 1412 881 1455 innumeros
898 1409 1164 1471 cultusque
1182 1409 1484 1472 habitusque
1502 1418 1740 1458 retexens

240 1496 461 1558 pandere
486 1498 761 1541 tectonicas
786 1511 876 1556 per
901 1493 1097 1555 singula
1122 1494 1325 1555 praedia
1349 1494 1565 1542 formas?

240 1598 339 1627 non
365 1581 459 1626 hoc
485 1587 690 1642 spernat
714 1597 836 1641 opus
864 1579 1139 1641 Gortynius
1163 1580 1337 1641 aliger,
1361 1580 1499 1627 aedis
1646 1582 1741 1629 300

240 1665 469 1712 conditor
494 1664 761 1720 Euboicae,
788 1679 927 1709 casus
953 1679 1104 1725 quem
1130 1662 1318 1724 fingere
1344 1666 1396 1708 in
1421 1681 1541 1710 auro

240 1755 506 1795 conantem
534 1748 714 1793 Icarios
740 1751 887 1809 patrii
913 1747 1153 1810 pepulere
1179 1747 1403 1794 dolores:

240 1851 340 1879 non
370 1833 510 1878 Philo
537 1832 821 1893 Cecropius,
847 1848 949 1877 non
974 1834 1058 1894 qui
1084 1831 1316 1878 laudatus
1341 1833 1404 1878 ab
1430 1833 1575 1880 hoste

240 1919 368 1964 clara
394 1917 635 1980 Syracosii
660 1919 813 1962 traxit
838 1919 1111 1961 certamina
1135 1916 1268 1961 belli.

239 2003 400 2048 forsan
422 2008 473 2047 et
488 2003 710 2060 insignes
727 2000 1087 2061 hominumque
1104 2016 1413 2062 operumque
1431 2001 1624 2048 labores
1646 2003 1740 2049 305

294 2182 311 2208 ¹
336 2197 390 2222 se.
418 2182 611 2221 Xerxes:
643 2195 712 2219 sec
735 2179 987 2219 Herodotus
1012 2180 1080 2218 vii.
1109 2181 1158 2219 33
1182 2179 1225 2218 ff.

294 2239 310 2263 2
341 2239 544 2287 Euripus,
577 2235 805 2287 primarily
827 2234 903 2273 ‘che
926 2247 1050 2272 name
1079 2234 1124 2272 of
1153 2234 1229 2273 the
1258 2247 1428 2274 narrow
1458 2235 1642 2274 charmel
1671 2235 1741 2274 be-

237 2296 381 2332 tween
414 2290 590 2330 Euboea
619 2289 704 2328 and
735 2289 930 2336 Boeotia,
964 2301 1083 2327 came
1110 2292 1156 2327 to
1186 2288 1238 2326 be
1271 2288 1378 2328 used
1409 2302 1455 2328 as
1489 2303 1514 2328 a
1545 2303 1742 2328 common

239 2360 357 2385 noun
395 2344 607 2396 denoting
646 2357 732 2394 any
770 2355 941 2381 narrow
982 2346 1117 2381 water·
1148 2343 1344 2382 ehannel.
1407 2343 1656 2395 According
1693 2348 1741 2383 to

238 2400 388 2440 Cicero
410 2399 477 2447 (de
500 2397 598 2447 Leq.
622 2408 673 2436 11.
699 2398 724 2436 i.
751 2398 793 2444 2)
826 2396 1067 2447 aqueduots
1089 2409 1201 2435 were
1223 2410 1269 2435 so
1290 2396 1428 2436 called
1447 2412 1457 2445 3
1487 2397 1573 2436 and
1602 2399 1740 2436 Auso—

238 2455 336 2493 nius
357 2467 403 2492 so
424 2466 521 2491 uses
542 2451 618 2490 the
640 2450 761 2489 word
782 2451 826 2488 in
851 2451 966 2490 Ordo
987 2450 1211 2489 *Vobilium
1239 2450 1434 2499 Urbium,
1458 2465 1528 2490 xx.
1556 2453 1619 2490 21.

293 2510 309 2533 ³
340 2508 430 2547 The
454 2506 672 2545 reference
693 2506 728 2543 is
750 2508 796 2543 to
817 2503 1036 2543 Daedalus
1056 2521 1063 2544 :
1097 2518 1158 2556 cp.
1186 2505 1344 2557 virgil,
1370 2504 1479 2547 Aen.
1503 2506 1558 2545 vi.
1591 2506 1736 2555 12-33,

238 2576 264 2602 a
280 2575 460 2614 passage
481 2560 643 2613 closely
664 2558 867 2599 imitated
890 2559 1004 2599 here.

244 2639 338 2699 246
