1871 3046
765 183 1123 231 AUSONIUS

189 324 473 370 Menander
507 328 790 387 sapientem
823 326 1054 372 vocavit?
1125 326 1247 388 quid
1283 329 1447 388 ipsum
1488 326 1700 373 Menan-

185 413 366 460 drum?
439 414 559 477 quid
597 417 811 460 comicos
849 430 1040 471 omnes,
1070 415 1252 477 quibus
1289 431 1461 461 severa
1486 418 1589 461 vita
1620 422 1699 462 est

187 510 240 550 et
263 503 396 549 laeta
422 505 666 549 materia?
738 504 859 566 quid
897 507 1052 549 etiam
1092 504 1355 549 Maronem
1392 503 1703 550 Parthenien

185 593 378 638 dictum
416 609 561 638 causa
599 592 818 654 pudoris,
857 596 942 654 qui
979 596 1031 637 in
1068 598 1244 638 octavo
1282 592 1556 649 Aeneidos,
1590 609 1704 638 cum

184 681 498 727 describeret
546 684 734 726 coitum
782 681 994 726 Veneris
1037 687 1189 743 atque
1234 677 1482 738 Vulcani,
1508 684 1703 743 αἰσχρο-

185 770 379 830 σεμνίαν
398 769 644 815 decenter
664 772 971 815 immiscuit?
1028 769 1150 832 quid
1168 771 1185 813 ?
1246 772 1297 814 in
1317 772 1471 815 tertio
1493 769 1704 831 Georgi-

185 874 356 903 corum
382 857 446 903 de
472 860 745 903 summissis
771 860 822 902 in
848 874 1058 919 gregem
1091 861 1284 903 maritis
1322 874 1492 903 nonne
1528 858 1702 903 obsce—

184 962 301 991 nam
338 945 759 1007 significationem
802 945 1018 992 honesta
1059 947 1323 992 verborum
1370 946 1703 992 translatione

184 1034 404 1081 velavit?
466 1041 519 1080 et
539 1038 578 1079 si
599 1034 720 1096 quid
740 1038 792 1080 in
813 1042 985 1081 nostro
1005 1039 1113 1081 ioco
1132 1036 1415 1098 aliquorum
1440 1035 1704 1081 hominum

185 1127 425 1169 severitas
458 1126 643 1169 vestita
680 1123 1002 1180 condemnat,
1041 1124 1106 1170 de
1144 1124 1369 1186 Vergilio
1405 1127 1702 1170 arcessitum

185 1216 322 1258 sciat.
410 1215 566 1274 igitur
609 1215 687 1258 cui
731 1212 812 1257 hic
855 1212 1004 1259 ludus
1046 1220 1219 1259 noster
1260 1230 1362 1259 non
1409 1212 1593 1274 placet,
1638 1229 1704 1259 ne

183 1302 384 1363 legerit,
411 1307 499 1346 aut
525 1317 637 1346 cum
668 1300 868 1362 legerit,
895 1301 1234 1358 obliviscatur,
1265 1308 1354 1347 aut
1384 1317 1486 1346 non
1517 1300 1705 1346 oblitus

183 1394 425 1452 ignoscat.
486 1393 680 1435 etenim
707 1389 875 1434 fabula
901 1389 964 1435 de
991 1393 1182 1451 nuptiis
1210 1397 1288 1436 est
1314 1397 1382 1447 et,
1409 1389 1533 1436 velit
1559 1389 1705 1446 nolit,

185 1481 333 1526 aiiter
358 1480 482 1525 haec
503 1495 640 1524 sacra
666 1495 768 1524 non
794 1485 1043 1527 constant.

191 2668 284 2714 392
