1871 3046
882 208 1240 258 AUSONIUS

307 340 478 386 invida
502 347 582 387 set
607 344 818 387 nimium
845 344 1125 404 generique
1151 342 1432 404 opibusque
1458 342 1685 404 superbis

371 439 612 470 aerumna
637 424 898 479 incubuit3
936 439 1156 486 namque
1182 440 1302 470 avus
1329 429 1382 469 et
1408 427 1610 486 genitor

303 508 585 567 proscripti,
611 522 827 568 regnum
854 522 967 552 cum
995 506 1282 552 Victorinus
1306 505 1520 552 haberet

371 587 552 634 ductor
577 594 630 635 et
654 591 707 634 in
732 588 960 634 Tetricos
985 588 1168 634 recidit
1192 591 1474 650 imperium.
1757 587 1816 633 10

305 677 415 716 tum
441 669 712 732 profugum
739 673 791 715 in
817 674 980 728 terris,
1006 687 1098 732 per
1124 687 1245 733 quas
1272 673 1493 733 erumpit
1519 669 1736 716 Aturrus

369 751 693 814 Tarbellique
719 752 858 798 furor
883 756 1159 814 perstrepit
1185 756 1376 810 oceani,

301 837 574 895 grassantis
602 833 794 879 dudum
821 833 1056 879 fortunae
1081 833 1186 879 tela
1209 840 1484 895 paventem

369 918 602 977 pauperis
629 914 877 961 Aemiliae
903 914 1132 961 condicio
1156 915 1406 977 inplicuit.

300 1012 415 1042 mox
441 1000 610 1043 tenuis
633 997 797 1043 multo
823 1000 1052 1060 quaesita
1076 1001 1292 1060 pecunia
1317 1000 1429 1044 nisu
1758 999 1816 1043 15

369 1078 592 1125 solamen
619 1078 767 1138 fesso,
794 1096 897 1125 non
923 1086 977 1126 et
1002 1096 1124 1143 opes
1149 1080 1343 1127 tribuit.

299 1167 354 1207 tu
384 1161 511 1207 caeli
536 1178 773 1208 numeros
800 1169 853 1209 et
878 1165 1076 1208 conscia
1101 1162 1265 1208 sidera
1289 1161 1382 1208 fati

368 1243 585 1290 callebas
610 1244 835 1290 studium
861 1244 1240 1291 dissimulanter
1264 1260 1434 1307 agens.

299 1341 402 1370 non
426 1329 601 1387 ignota
628 1326 722 1372 tibi
748 1332 949 1372 nostrae
976 1343 1176 1389 quoque
1202 1326 1416 1372 formula
1441 1330 1590 1384 vitae,

367 1411 579 1469 signatis
606 1424 756 1471 quam
781 1414 839 1454 tu
865 1408 1163 1454 condideras
1188 1408 1390 1466 tabulis,
1754 1407 1816 1452 20

299 1487 499 1548 prodita
523 1503 624 1532 non
651 1503 921 1550 umquan13
960 1487 1050 1534 sed
1075 1490 1250 1533 matris
1275 1503 1391 1533 cura
1417 1490 1623 1544 retexit,

367 1569 543 1615 sedula
568 1586 719 1632 quam
743 1569 911 1615 timidi
936 1585 1054 1615 cura
1078 1570 1292 1632 tegebat
1316 1572 1407 1615 avi.

297 1657 355 1697 tu
381 1654 554 1697 novies
580 1651 738 1698 denos
764 1655 920 1698 vitam
945 1668 1059 1697 cum
1086 1651 1288 1697 duxeris
1312 1667 1486 1708 annos,

367 1740 607 1795 expertus
635 1733 797 1779 Fortis
822 1733 927 1780 tela
952 1733 1176 1779 cavenda
1201 1733 1344 1791 deae,

297 1819 534 1862 amissum
560 1816 690 1862 flesti
717 1833 808 1878 per
832 1820 965 1862 trina
990 1816 1239 1862 decennia
1263 1822 1440 1861 natum
1752 1814 1814 1858 25

368 1902 592 1944 saucius:
630 1898 725 1943 hoc
751 1898 855 1944 leto
881 1898 1073 1944 lumine
1099 1914 1265 1944 cassus
1293 1914 1416 1944 eras.

298 1980 501 2026 dicebas
527 1979 616 2026 sed
645 1986 695 2026 te
723 1979 903 2026 solacia
927 1979 1080 2041 longa
1105 1979 1291 2037 fovere,

366 2062 502 2125 quod
527 2079 639 2108 mea
663 2065 961 2124 praecipuus
986 2061 1091 2108 fata
1116 2068 1348 2108 maneret
1374 2061 1544 2107 honos.

300 2151 354 2190 et
378 2144 529 2189 modo
554 2144 778 2190 conciliis
803 2147 1082 2189 animarum
1107 2147 1266 2189 mixte
1292 2147 1515 2205 priorum

366 2225 471 2271 fata
495 2229 567 2271 tui
596 2232 735 2271 certe
762 2232 882 2271 nota
906 2228 1107 2287 nepotis
1133 2224 1301 2270 habes.
1750 2223 1812 2268 oO

297 2309 474 2365 sentis,
499 2307 633 2370 quod
662 2313 914 2369 quaestor,
941 2305 1076 2369 quod
1103 2313 1154 2353 te
1180 2306 1470 2368 praefectus
1495 2312 1549 2352 et
1574 2305 1710 2351 idem

366 2388 539 2435 consul
566 2388 838 2433 honorifico
864 2404 1074 2433 munere
1101 2404 1434 2436 conmemorO.

359 2512 375 2536 ¹
405 2511 496 2552 One
530 2510 575 2550 of
609 2511 685 2550 the
721 2510 925 2561 “Thirty
959 2510 1152 2562 Tyrants
1168 2511 1189 2528 '⁹
1225 2511 1324 2549 who
1355 2510 1459 2550 bore
1494 2510 1588 2549 rule
1620 2509 1665 2547 in
1695 2507 1809 2548 Gaul

299 2567 459 2618 during
498 2566 574 2606 the
611 2565 721 2618 days
759 2565 804 2603 of
837 2565 1077 2605 Gallienus.
1142 2565 1226 2605 His
1270 2566 1440 2617 “reign
1455 2565 1477 2581 ''
1514 2563 1657 2603 lasted
1697 2563 1810 2602 from

298 2623 488 2664 267-268
509 2633 549 2660 A.
560 2632 604 2661 D.

301 2693 365 2749 64
