1871 3046
820 176 1174 224 AUSONIUS

250 311 505 352 consortes
528 305 783 353 celebrare
809 305 1001 364 choros,
1028 323 1142 352 cum
1168 307 1399 368 praebuit
1423 305 1567 353 horas
1652 306 1746 353 180

250 401 466 441 secretas
490 395 751 442 hominum
776 401 923 441 coetu
949 394 1236 457 flagrantior
1258 400 1439 441 aestus.

248 488 371 528 tunc
394 483 696 530 insultantes
722 500 807 529 sua
832 499 921 545 per
946 482 1076 529 freta
1100 481 1276 528 ludere
1303 482 1563 544 Nymphas

250 576 303 616 et
329 570 531 634 Satyros
555 588 772 618 mersare
799 572 936 618 vadis
961 571 1267 633 rudibusque
1293 571 1501 617 natandi

249 674 339 719 per
362 659 553 706 medias
578 663 714 706 exire
739 676 933 717 manus,
959 659 1080 705 dum
1104 659 1295 705 lubrica
1318 658 1429 704 falsi

247 747 472 792 membra
486 755 672 809 petunt
685 748 1002 811 liquidosque
1018 747 1193 794 fovent
1209 764 1297 809 pro
1314 764 1518 809 corpore
1534 747 1726 794 fluctus.

248 833 336 878 sed
361 849 463 879 non
487 834 612 881 haec
637 841 863 896 spectata
888 836 976 881 ulli
1001 851 1096 881 nec
1123 838 1325 897 cognita
1348 837 1454 880 visu
1654 835 1744 881 186

247 920 320 967 fas
344 921 468 968 mihi
493 926 557 969 sit
581 940 670 985 pro
694 930 837 985 parte
861 924 998 987 loqui
1018 942 1027 971 :
1064 931 1257 970 secreta
1282 931 1487 986 tegatur

246 1016 300 1056 et
324 1014 585 1058 commissa
609 1015 708 1059 suis
733 1012 892 1059 lateat
914 1017 1199 1059 reverentia
1223 1016 1351 1059 rivis.

315 1099 408 1145 Illa
431 1099 646 1147 fruenda
670 1100 836 1163 palam
861 1105 1069 1164 species,
1097 1118 1208 1146 cum
1234 1102 1440 1163 glaucus
1464 1119 1618 1165 opaco

246 1189 520 1250 respondet
545 1190 660 1235 colli
684 1190 877 1247 fluvius,
901 1189 1138 1237 frondere
1164 1191 1401 1237 videntur
1653 1192 1746 1238 190

244 1275 467 1323 fluminei
490 1277 666 1324 latices
691 1285 744 1325 et
768 1278 976 1340 palmite
1003 1283 1222 1325 consitus
1248 1283 1418 1325 amnis.

98 1357 354 1427 &quis
380 1365 514 1411 color
538 1366 623 1412 ille
649 1366 803 1426 vadis,
829 1383 961 1413 seras
987 1383 1100 1412 cum
1125 1367 1349 1429 propulit
1375 1369 1572 1415 umbras

247 1454 508 1516 Hesperus
534 1462 587 1501 et
611 1455 755 1501 viridi
780 1455 1042 1517 perfundit
1067 1463 1239 1503 monte
1267 1457 1558 1503 Mosellam!

244 1549 352 1590 tota
376 1550 555 1590 natant
581 1548 752 1606 crispis
776 1548 893 1606 iuga
916 1545 1135 1590 motibus
1162 1551 1214 1591 et
1238 1548 1412 1591 tremit
1437 1546 1616 1592 absens

245 1635 510 1694 pampinus
535 1639 588 1678 et
614 1636 783 1679 vitreis
810 1632 1063 1678 vindemia
1087 1639 1260 1695 turget
1284 1637 1335 1678 in
1362 1634 1522 1681 undis.
1651 1635 1743 1681 195

243 1721 543 1767 adnumerat
568 1721 749 1768 virides
774 1722 966 1768 derisus
991 1725 1161 1768 navita
1185 1726 1330 1780 vites,

244 1813 412 1856 navita
437 1810 673 1857 caudiceo
697 1810 897 1857 fluitans
924 1827 1073 1872 super
1097 1827 1310 1873 aequora
1337 1812 1504 1858 lembo

244 1913 334 1958 per
356 1898 595 1956 medium,
622 1916 719 1961 qua
744 1916 851 1945 sese
877 1903 1011 1944 amni
1038 1899 1303 1946 confundit
1328 1904 1492 1963 imago

244 1986 383 2033 collis
409 1993 461 2033 et
486 1988 772 2033 umbrarum
798 1987 1011 2033 confinia
1036 1992 1254 2035 conserit
1279 1993 1451 2036 amnis.

314 2075 456 2121 Haec
476 2091 674 2138 quoque
695 2092 843 2138 quam
860 2075 1031 2122 dulces
1048 2076 1308 2123 celebrant
1325 2079 1610 2138 spectacula

378 2180 597 2226 pompas,
1646 2168 1742 2214 200

241 2251 525 2313 remipedes
549 2252 716 2297 medio
742 2258 938 2298 certant
964 2269 1075 2298 cum
1101 2252 1304 2299 flumine
1330 2253 1483 2300 lembi

295 2393 309 2418 1
340 2394 445 2433 This
465 2406 647 2446 passage
675 2393 712 2432 is
743 2392 945 2432 imitated
979 2393 1036 2446 by
1069 2393 1186 2445 Pope
1218 2394 1263 2432 in
1297 2394 1364 2433 his
1400 2395 1667 2447 description
1695 2395 1741 2436 of

241 2450 317 2488 the
338 2448 520 2488 Loddon
540 2464 547 2487 ε

362 2522 390 2541 “
405 2519 483 2560 Oft
502 2520 547 2558 in
567 2519 644 2558 her
665 2519 780 2572 glass
802 2519 878 2558 the
899 2520 1072 2572 musing
1093 2520 1309 2571 shepherd
1332 2521 1445 2572 spies

403 2574 494 2614 The
515 2573 732 2627 headlong
751 2574 1001 2613 mountains
1022 2573 1107 2612 and
1128 2574 1204 2613 the
1224 2574 1476 2614 downward
1497 2575 1627 2625 skies,

247 2648 339 2707 238
