1871 3046
795 203 1153 252 AUSONIUS

215 337 397 384 suadet
422 343 475 383 et
498 336 694 384 infusus
720 343 925 383 teneros
951 336 1232 382 coalescere
1258 334 1406 382 fetus.

213 419 413 483 fulgore
440 427 494 466 et
517 424 719 482 trigono
746 426 981 482 aspectus
999 419 1014 448 1
1037 417 1189 464 vitale
1217 423 1461 475 coruscat,

215 502 404 548 clarum
433 508 486 549 et
510 502 628 548 lene
654 505 862 559 micans,
888 504 1053 564 quinti
1080 503 1165 562 qui
1192 499 1395 545 cardine
1422 502 1553 561 signi

212 571 399 631 incutit
425 587 698 631 attonitam
726 590 966 645 vegetato
992 582 1188 628 infante
1214 587 1494 644 parentem.

214 683 331 711 nam
358 673 501 712 sexto
529 669 599 712 vis
625 665 765 711 nulla
790 665 917 723 loco,
944 668 1060 727 quia
1086 664 1225 710 nulla
1250 663 1430 710 tuendi

213 751 417 810 aequati
443 748 616 794 lateris
642 752 871 810 signatur
895 748 1071 810 regula
1099 747 1342 795 Ρ11οεῐ130.2

214 836 292 876 ast
318 830 403 875 ubi
430 829 700 891 signiferae
726 830 894 875 media
920 834 971 875 in
996 834 1204 892 regione
1232 829 1451 876 cohortis

215 915 460 973 septimus
486 915 685 973 accepit
710 911 855 958 limes
880 912 1141 958 rutilantia
1165 912 1376 957 flammis

212 1000 354 1039 recto
381 1000 543 1039 castra
568 997 668 1039 situ
689 1009 698 1038 τ
736 996 992 1055 turgentis
1017 993 1224 1040 foedera
1248 1000 1422 1055 partus

211 1080 310 1121 iam
338 1075 490 1138 plena
518 1076 610 1121 sub
635 1075 748 1122 luce
776 1076 933 1132 videt,
960 1092 1055 1122 nec
1082 1075 1283 1138 fulgura
1308 1078 1444 1137 parci

210 1158 415 1204 luminis
443 1158 719 1204 intendens
745 1164 856 1204 toto
882 1157 1022 1204 fovet
1046 1161 1166 1219 igne
1194 1174 1420 1204 coronae.

210 1240 328 1285 hinc
357 1239 500 1297 illud,
527 1240 663 1302 quod
689 1239 946 1302 legitimos
975 1241 1166 1285 Lucina
1191 1240 1386 1286 labores

211 1324 476 1383 praevenit
506 1327 560 1366 et
584 1319 816 1382 gravidos
843 1324 1001 1366 sentit
1027 1320 1298 1381 subrepere
1326 1323 1471 1365 nixus

212 1409 333 1449 ante
360 1408 688 1464 expectatum
713 1402 900 1448 festina
925 1418 1175 1464 puerpera
1199 1408 1370 1447 votum
1391 1417 1401 1457 3

213 1485 348 1547 quod
374 1488 484 1542 nisi,
513 1491 726 1546 septeno
753 1501 867 1529 cum
896 1484 1088 1530 lumina
1113 1483 1247 1530 fudit
1271 1484 1334 1529 ab
1358 1489 1508 1540 astro,

210 1566 473 1629 impulerit
497 1566 629 1613 tardi
657 1566 874 1612 claustra
899 1566 1211 1613 obluctantia
1235 1572 1424 1627 partus,

209 1653 457 1711 posterior
482 1656 721 1712 nequeat,
749 1653 907 1711 possit
931 1653 1093 1711 prior:
1132 1666 1197 1694 an
1223 1652 1339 1712 quia
1365 1654 1508 1694 sexto

208 1731 436 1778 aemulus
463 1735 626 1778 octavi
653 1739 956 1794 conspectus
983 1731 1175 1778 inutilis
1201 1734 1321 1777 astri

209 1817 373 1860 nescit
399 1814 680 1876 conpariles
704 1814 923 1860 laterum
951 1814 1165 1860 formare
1193 1814 1410 1876 figuras?

209 1902 287 1941 set
313 1912 447 1941 nono
473 1897 773 1942 incumbens
801 1900 944 1958 signo
972 1899 1265 1942 cunctantia
1290 1902 1508 1941 matrum

210 1983 325 2023 vota
350 1977 501 2035 levat,
528 1980 730 2039 trigono
757 1980 885 2024 vires
912 1982 1135 2024 sociante
1163 1981 1411 2040 sequenti.

209 2065 263 2104 at
289 2061 328 2104 si
354 2058 565 2104 difficilis
592 2075 785 2105 rursum
813 2059 972 2105 trahit
1001 2059 1220 2122 Ilithyia,

209 2147 480 2203 tetragono
506 2140 735 2187 absolvet
759 2140 1027 2187 dubiarum
1054 2141 1217 2187 vincla
1242 2158 1507 2188 morarum.

1670 334 1732 381 20

1669 1157 1732 1204 30

1665 1975 1727 2021 40

265 2242 280 2266 ¹
316 2242 604 2282 Translator:
638 2242 783 2292 fulgor
814 2244 1037 2294 tetrigono
1067 2248 1286 2295 aspectus,
1321 2244 1379 2285 V:
1412 2244 1558 2297 fulgor
1588 2248 1722 2284 tetra-

208 2311 335 2349 gono,
353 2297 512 2348 Peiper
530 2297 658 2345 (after
682 2296 868 2345 Vinez‘us)
892 2312 901 2343 ;
923 2297 1004 2336 but
1022 2298 1097 2337 the
1115 2299 1232 2337 sun’s
1252 2303 1403 2350 aspect
1421 2299 1457 2338 is
1478 2298 1726 2351 triangular

214 2352 342 2391 when
373 2352 416 2391 in
445 2353 521 2391 the
553 2351 654 2390 fifth
680 2352 788 2403 sign.
852 2352 937 2391 For
959 2353 1034 2392 the
1055 2354 1265 2405 quantity
1291 2353 1335 2392 of
1364 2353 1441 2393 the
1470 2353 1652 2405 reading
1679 2353 1723 2392 in

210 2407 287 2446 the
311 2410 424 2453 text,
451 2420 513 2457 cp.
541 2406 567 2445 l.
595 2407 648 2446 40
671 2409 856 2457 trIgOno.

261 2461 278 2484 ‘2
307 2475 370 2511 cp.
398 2461 662 2501 Censorinus
685 2461 774 2499 viii.
805 2462 879 2501 10:
913 2465 1108 2501 ceterum
1139 2476 1164 2502 a
1193 2463 1288 2502 loco
1308 2467 1433 2502 sexto
1464 2467 1723 2514 conspectus

209 2517 327 2554 omni
361 2520 482 2555 caret
516 2515 781 2563 efficientia3
823 2516 915 2555 eius
955 2518 1069 2556 enim
1110 2517 1224 2557 linea
1265 2521 1325 2567 (z
1351 2517 1519 2570 regula)
1559 2517 1723 2556 nullius

210 2570 418 2622 polygoni
449 2570 584 2609 efficit
613 2570 743 2609 latus.

219 2692 313 2737 180
