1871 3046
529 537 613 599 D.
680 537 1021 601 MAGNI
1086 538 1490 601 AUSONII

831 661 1200 708 OPUSCULA

853 847 1101 904 LIBER
1151 848 1173 903 I

628 1002 1363 1070 [PRAEFATIUNCULAE]
1386 1005 1402 1034 1

549 1158 914 1206 L—Aosomus
955 1157 1174 1204 LEcTom
1212 1157 1447 1204 SALUTEM

255 1269 506 1314 Ausomus
532 1271 735 1330 genitor
760 1269 920 1326 nobis,
947 1284 1042 1330 ego
1068 1272 1273 1314 nomine
1301 1269 1511 1315 eodem:

321 1361 407 1420 qui
433 1360 544 1414 sim,
570 1373 667 1420 qua
693 1364 847 1414 secta,
874 1360 1048 1419 stirpe,
1074 1357 1176 1403 lare
1203 1364 1256 1403 et
1282 1360 1459 1419 patria,

252 1446 513 1508 adscripsi,
539 1453 596 1492 ut
621 1462 809 1504 nosses,
835 1447 969 1493 bone
995 1450 1085 1504 vir,
1112 1449 1416 1509 quicumque
1442 1447 1637 1503 fuisses,

321 1542 375 1582 et
399 1542 578 1582 notum
602 1539 813 1582 memori
837 1552 920 1581 me
946 1535 1136 1582 coleres
1161 1539 1341 1583 animo.

254 1625 464 1672 Vasates
490 1628 653 1687 patria
679 1632 757 1672 est
781 1629 930 1687 patri,
956 1642 1082 1688 gens
1109 1625 1327 1671 Haedua
1351 1629 1499 1672 matri
1737 1627 1764 1671 5

320 1715 385 1761 de
410 1721 573 1777 patre,
599 1714 846 1761 Tarbellis
872 1721 951 1761 set
977 1718 1211 1777 genetrix
1237 1715 1299 1760 ab
1326 1715 1503 1776 Aquis,

252 1808 360 1866 ipse
387 1820 482 1866 ego
510 1803 812 1865 Burdigalae
839 1807 1044 1865 genitus
1066 1819 1075 1848 :
1112 1803 1271 1849 divisa
1296 1819 1387 1864 per
1413 1803 1561 1849 urbes

320 1899 559 1955 quattuor
583 1895 817 1954 antiquas
843 1895 1011 1954 stirpis
1036 1895 1177 1953 origo
1202 1907 1360 1939 meae.

252 1981 370 2027 hinc
396 1981 498 2027 late
523 1980 634 2027 fusa
660 1987 738 2027 est
763 1983 999 2042 cognatio
1021 1996 1032 2035 3
1070 1983 1275 2025 nomina
1300 1979 1472 2026 multis

321 2087 383 2116 ex
408 2076 596 2127 nostra,
623 2076 681 2116 ut
705 2069 966 2131 placitum,
994 2069 1148 2114 ducta
1174 2068 1323 2114 domo
1351 2072 1555 2114 veniant
1581 2086 1590 2115 :
1705 2070 1764 2115 lO

253 2159 480 2205 derivata
505 2159 630 2216 aliis,
656 2159 801 2204 nobis
826 2159 889 2204 ab
916 2164 1186 2204 stemmate
1213 2161 1375 2219 primo

321 2254 375 2295 et
398 2264 501 2294 non
526 2251 747 2310 cognati,
772 2247 862 2293 sed
887 2251 1144 2309 genetiva,
1168 2247 1388 2310 placent.

253 2343 332 2384 set
357 2337 512 2384 redeo
536 2336 600 2382 ad
625 2339 821 2383 seriem.
899 2340 1102 2398 genitor
1126 2336 1324 2382 studuit
1348 2336 1648 2394 medicinae,

321 2428 699 2491 disciplinarum
726 2444 854 2490 quae
881 2428 1025 2473 dedit
1051 2445 1149 2473 una
1174 2428 1341 2476 deum.

729 2575 743 2598 ¹
774 2575 972 2615 Omitted
996 2576 1038 2613 in
1062 2576 1137 2614 the
1160 2575 1284 2615 MSS.
