1871 3046
861 193 1218 264 AUSONHJS

858 366 1228 414 HL—Onfflo

288 474 634 534 OMNn’oTENs,
660 476 764 523 solo
789 480 976 524 mentis
1000 477 1124 522 mihi
1150 480 1354 538 cognite
1380 475 1536 533 cultu,

285 556 516 616 ignorate
541 555 684 601 malis
711 562 763 601 et
788 555 915 601 nulli
940 558 1115 617 ignote
1141 557 1337 616 piorum
1358 570 1367 599 :

285 635 532 695 principio
557 640 888 696 extremoque
914 649 1105 690 carens,
1131 636 1385 695 antiquior
1408 649 1546 689 aevo,

285 711 419 773 quod
445 710 542 757 fuit
567 718 654 757 aut
680 715 879 757 veniet:
918 715 1057 757 cuius
1084 710 1395 774 formamque
1420 711 1729 774 modumque

286 805 380 835 nec
405 806 549 835 mens
575 789 829 851 conplecti
855 793 1045 851 poterit
1070 806 1165 835 1166
1191 789 1364 851 lingua
1389 789 1603 852 profari:
1767 791 1795 834 5

285 884 493 913 cernere
520 884 671 930 quem
697 867 829 914 solus
855 884 1122 930 coramque
1146 868 1322 914 audire
1349 869 1612 915 iubentem

285 944 358 991 fas
383 945 541 992 habet
566 952 618 991 et
643 949 857 1008 patriam
885 953 1093 1008 propter
1117 947 1380 993 considere
1406 946 1639 993 dextram

284 1027 391 1086 ipse
418 1024 587 1086 opifex
614 1041 797 1081 rerum,
823 1026 972 1072 rebus
998 1042 1145 1072 eausa
1169 1029 1276 1088 ipse
1303 1025 1548 1083 creandis,

284 1106 392 1164 ipse
418 1103 501 1149 dei
525 1105 750 1160 verbum,
777 1105 987 1150 verbum
1013 1104 1156 1163 deus,
1180 1108 1484 1167 anticipator

286 1182 479 1239 mundi,
505 1198 657 1245 quem
682 1182 905 1229 facturus
932 1189 1069 1229 erat:
1107 1190 1380 1245 generatus
1406 1187 1457 1228 in
1483 1182 1570 1229 illo
1739 1181 1799 1227 10

285 1266 532 1322 tempore,
560 1277 659 1323 quo
684 1268 886 1324 tempus
912 1261 1139 1308 nondum
1164 1260 1290 1307 fuit:
1329 1261 1496 1308 editus
1521 1267 1642 1306 ante

287 1355 437 1401 quam
462 1339 605 1384 iubar
631 1346 684 1386 et
708 1340 887 1386 rutilus
914 1340 1109 1386 caelum
1134 1340 1429 1386 inlustraret
1454 1340 1588 1385 Eous
1609 1357 1618 1385 :

287 1433 386 1479 quo
411 1420 519 1463 sine
544 1417 616 1462 nil
642 1425 827 1475 actum,
853 1435 944 1480 per
968 1435 1120 1481 quem
1146 1418 1279 1464 faeta
1305 1420 1472 1463 omnia
1492 1418 1526 1463 :l
1567 1421 1705 1463 euius

287 1499 338 1540 in
365 1496 503 1542 eaelo
529 1496 724 1554 solium,
752 1500 831 1543 cui
857 1497 1059 1543 subdita
1085 1504 1219 1543 terra
1244 1496 1445 1543 sedenti

288 1580 341 1620 et
365 1591 503 1620 mare
530 1581 583 1621 et
606 1576 845 1622 obscurae
871 1575 1021 1622 chaos
1046 1575 1387 1637 insuperabile
1413 1578 1575 1621 noetis
1597 1592 1606 1621 ε
1739 1574 1799 1619 15

286 1655 557 1715 inrequies,
584 1661 766 1700 cuncta
791 1658 898 1716 ipse
923 1671 1147 1711 movens,
1175 1661 1441 1717 vegetator
1465 1657 1716 1699 inertum:

288 1747 389 1776 non
415 1735 593 1794 genito
617 1737 850 1795 genitore
877 1733 1019 1791 deus,
1046 1737 1131 1797 qui
1157 1733 1334 1779 fraude
1361 1733 1564 1794 superbi

287 1809 505 1856 offensus
531 1811 704 1873 populi
730 1818 913 1874 gentes
940 1815 989 1857 in
1017 1828 1175 1874 regna
1200 1815 1411 1869 vocavit,

287 1891 456 1950 stirpis
481 1889 749 1951 adoptivae
775 1890 982 1936 meliore
1007 1906 1230 1952 propage
1257 1889 1526 1936 colendus:

288 1986 497 2017 eernere
524 1988 676 2034 quem
701 1972 844 2019 licuit
869 1976 1081 2034 proavis,
1107 1989 1206 2034 quo
1234 1975 1442 2017 numine
1468 1974 1572 2017 viso
1741 1970 1803 2016 20

289 2056 343 2095 et
366 2057 564 2111 patrem
591 2051 772 2097 vidisse
799 2051 975 2098 datum
995 2051 1032 2097 :2
1071 2054 1304 2112 contagia
1329 2057 1499 2097 nostra

289 2131 375 2190 qui
399 2128 520 2174 tulit
536 2129 555 2158 3
580 2136 634 2176 et
659 2130 755 2176 diri
780 2147 953 2192 passus
978 2129 1194 2175 ludibria
1219 2129 1310 2175 leti

289 2222 398 2252 esse
425 2210 524 2253 iter
548 2215 788 2254 aeternae
814 2208 987 2254 docuit
1013 2207 1285 2254 remeabile
1312 2211 1444 2253 vitae
1467 2224 1476 2253 :

289 2300 385 2330 nee
410 2284 567 2330 solam
592 2302 818 2332 remeare
844 2290 1079 2342 animam,
1107 2285 1195 2332 sed
1222 2302 1428 2347 corpore
1455 2292 1564 2331 toto

289 2362 535 2410 caelestes
561 2367 750 2410 intrare
776 2364 949 2426 plagas
976 2371 1029 2411 et
1054 2368 1204 2410 inane
1231 2364 1447 2426 sepulcri

289 2458 527 2488 arcanum
555 2446 722 2489 vacuis
747 2443 1050 2504 adopertum
1074 2442 1306 2506 linquere
1331 2446 1492 2489 terris.

1741 2365 1768 2408 Ν)

1775 2365 1802 2408 01

537 2552 551 2575 1
584 2565 650 2601 cp.
674 2550 790 2590 John
811 2552 836 2590 i.
865 2552 901 2591 3.
1073 2550 1090 2574 ²
1119 2565 1182 2602 cp.
1209 2552 1325 2591 John
1347 2552 1435 2590 xiv.
1459 2552 1495 2591 9.

835 2605 850 2629 ³
881 2619 943 2656 cp.
975 2608 992 2645 1
1021 2605 1115 2645 Cor.
1143 2620 1214 2646 xv,
1240 2607 1277 2646 3.

298 2678 354 2721 16
