1871 3046
811 170 1168 218 AUSONIUS

236 317 451 365 cumque
472 309 741 365 vagantem
762 318 967 364 operam
989 301 1178 348 divisae
1199 300 1508 363 impenderis
1530 301 1655 356 urbi,

303 384 566 431 arbitrium
591 383 656 431 de
681 390 733 430 te
760 387 914 431 sumit
940 387 1080 447 origo
1110 399 1269 429 suum.
1689 383 1747 427 10

237 472 289 512 et
314 473 402 512 tua
426 482 561 513 nunc
587 465 787 513 suboles
812 482 1004 512 morem
1030 471 1223 511 sectata
1251 469 1476 526 parentis

306 547 597 594 Narbonem
622 564 678 594 ac
708 548 915 594 Romam
940 546 1179 592 nobilitat
1204 545 1382 592 studiis
1402 563 1413 601 3

236 629 325 676 sed
354 628 496 695 [quid
524 631 911 692 conquerimur?
987 628 1221 691 Longum
1246 635 1361 690 post
1386 634 1588 691 tempus
1616 636 1669 675 et

371 712 482 758 illos
500 710 539 777 1]

304 794 451 850 fama,
478 793 601 839 velit
628 793 772 850 nolit,
801 792 1125 854 Burdigalam
1150 791 1353 839 referet.

403 1016 904 1063 XX.—STApm=-1,ms
946 1017 1158 1062 RHETOR
1196 1017 1329 1062 C1v1s
1368 1017 1582 1063 AUSCIUS

238 1141 514 1187 HACTENUS
539 1142 803 1188 observata
828 1141 953 1187 mihi
979 1141 1062 1188 lex
1089 1141 1518 1188 commemorandi

303 1227 452 1281 cives,
479 1227 582 1270 sive
609 1223 747 1270 domi
772 1241 861 1270 seu
886 1224 1105 1271 docuere
1131 1223 1265 1272 foris.

236 1312 502 1351 externum
531 1305 621 1352 sed
647 1305 721 1352 fas
747 1309 1056 1368 coniungere
1083 1307 1274 1352 civibus
1300 1324 1457 1353 unum

303 1394 373 1445 te,
400 1387 650 1451 Staphyli,
678 1391 910 1450 genitum
938 1392 1095 1451 stirpe
1122 1388 1319 1434 Novem
1344 1388 1555 1451 populis.

236 1477 292 1516 tu
318 1469 460 1527 mihi,
486 1469 621 1533 quod
647 1473 867 1532 genitor,
892 1470 1027 1533 quod
1052 1470 1345 1528 avunculus,
1372 1487 1502 1517 unus

372 1558 663 1615 utrumque,
1721 1555 1746 1599 5

302 1634 433 1681 alter
456 1640 515 1680 ut
538 1635 810 1692 Ausonius,
836 1634 966 1681 alter
992 1641 1049 1681 ut
1074 1635 1331 1682 Arborius.

235 1720 565 1779 grammatice
591 1717 655 1764 ad
681 1717 925 1765 Scaurum
945 1724 1098 1780 atque
1122 1718 1356 1775 Probum,
1378 1721 1752 1781 promptissime

371 1797 560 1857 rhetor,

306 1880 567 1927 historiam
593 1880 781 1928 callens
809 1881 937 1927 Livii
963 1889 1016 1928 et
1044 1882 1311 1928 Herodoti.

238 1965 398 2008 omnis
425 1962 686 2010 doctrinae
713 1967 841 2010 ratio
866 1964 961 2010 tibi
987 1967 1207 2026 cognita,
1234 1970 1475 2026 quantam

305 2044 479 2090 condit
504 2048 749 2091 sescentis
775 2045 932 2091 Varro
957 2045 1309 2093 voluminibus.
1693 2045 1752 2091 10

236 2142 387 2171 aurea
410 2142 571 2184 mens,
597 2143 692 2173 vox
718 2127 872 2174 suada
896 2128 1007 2183 tibi,
1033 2133 1144 2173 tum
1171 2143 1334 2173 sermo
1361 2131 1563 2190 quietus
1584 2145 1593 2172 :

307 2224 401 2253 nec
428 2214 694 2255 cunctator
719 2215 843 2265 erat,
870 2225 965 2254 nec
991 2215 1285 2270 properator
1312 2216 1431 2257 erat.

239 2289 449 2351 pulchra
469 2297 691 2349 senecta,
712 2295 882 2337 nitens
903 2290 1122 2347 habitus,
1144 2292 1313 2353 procul
1336 2296 1408 2338 ira
1428 2291 1671 2355 dolorque
1691 2307 1702 2346 ;

307 2378 360 2418 et
385 2372 614 2435 placidae
640 2376 774 2420 vitae
802 2390 1023 2435 congrua
1049 2380 1186 2420 meta
1212 2373 1324 2421 fuit.

760 2482 773 2505 1
805 2482 955 2535 Suppl.
987 2480 1255 2524 Translator.

249 2646 337 2689 128
