1871 3046
822 175 1179 224 AUSONIUS

250 329 347 375 qua
371 312 594 359 sublimis
619 327 746 374 apex
771 310 924 372 longo
950 325 1099 371 super
1122 308 1276 354 ardua
1300 315 1465 355 tractu

251 401 303 441 et
327 410 474 456 rupes
501 399 553 439 et
577 395 742 454 aprica
766 394 870 452 iugi
895 390 1151 451 flexusque
1177 392 1414 451 sinusque
1657 389 1748 434 155

250 475 433 521 vitibus
457 474 736 536 adsurgunt
759 471 1076 534 naturalique
1102 470 1315 518 theatro.

252 557 540 602 Gauranum
565 558 633 601 sic
659 554 787 600 alma
812 557 987 615 iugum
1011 552 1265 598 vindemia
1289 555 1442 598 vestit

251 644 303 684 et
329 636 607 698 Rhodopen
632 639 929 697 proprioque
955 636 1124 679 nitent
1153 633 1382 695 Pangaea
1406 622 1602 696 Lyae03

250 719 318 761 sic
342 719 471 760 viret
497 715 729 760 Ismarius
754 730 903 775 super
926 729 1141 775 aequora
1165 712 1377 757 Thracia
1401 712 1568 767 collis;

250 800 318 842 sic
341 813 454 841 mea
477 795 745 842 flaventem
770 798 990 856 pingunt
1014 798 1184 840 vineta
1209 793 1529 839 Garumnam.
1659 793 1751 839 160

249 880 453 924 summis
477 880 663 938 quippe
688 879 816 937 iugis
841 876 1102 922 tendentis
1128 879 1179 920 in
1205 876 1380 921 ultima
1407 875 1518 921 clivi

249 961 529 1004 conseritur
554 957 697 1002 viridi
722 956 930 1002 fluvialis
955 974 1127 1019 margo
1155 957 1334 1020 Lyaeo.

248 1043 381 1088 laeta
405 1057 613 1102 operum
637 1040 812 1102 plebes
838 1038 1241 1101 festinantesque
1268 1039 1430 1085 coloni

248 1125 436 1168 vertice
452 1137 586 1166 nunc
604 1136 796 1166 summo
814 1126 1102 1181 properant,
1119 1137 1253 1166 nunc
1270 1120 1453 1182 deiuge
1472 1121 1633 1178 dorso,

249 1210 501 1250 certantes
528 1202 720 1248 stolidis
747 1201 1056 1247 clamoribus.
1130 1201 1249 1247 inde
1275 1205 1434 1247 viator
1660 1203 1750 1247 165

249 1289 466 1347 riparum
492 1285 716 1330 subiecta
741 1290 928 1339 terens,
955 1282 1072 1327 hinc
1098 1286 1267 1328 navita
1294 1283 1482 1340 labens,

249 1367 429 1428 probra
453 1371 642 1410 canunt
667 1367 787 1410 seris
813 1363 1116 1409 cultoribus:
1153 1363 1402 1426 adstrepit
1427 1365 1537 1411 ollis

250 1454 303 1494 et
327 1463 476 1508 rupes
502 1453 555 1493 et
580 1446 701 1491 silva
725 1452 948 1492 tremens
976 1451 1028 1491 et
1054 1461 1297 1491 concavus
1323 1449 1496 1492 amnis.

319 1529 427 1574 Nec
453 1527 581 1574 solos
607 1527 836 1573 homines
862 1526 1087 1573 delectat
1111 1543 1289 1572 scaena
1315 1526 1565 1575 locorum:

249 1610 330 1656 hic
356 1626 450 1671 ego
476 1616 528 1656 et
552 1616 777 1671 agrestes
804 1608 1007 1670 Satyros
1033 1615 1086 1654 et
1112 1608 1287 1670 glauca
1312 1615 1517 1655 tuentes
1659 1611 1752 1658 170

249 1692 435 1738 Naidas
462 1693 699 1737 extremis
725 1690 926 1736 credam
952 1706 1248 1735 concurrere
1275 1693 1408 1751 ripis,

249 1774 541 1836 capripedes
565 1776 726 1834 agitat
751 1789 864 1817 cum
889 1772 1022 1818 laeta
1047 1775 1296 1833 protervia
1327 1772 1480 1819 Panas

248 1855 593 1916 insultantque
619 1853 756 1899 vadis
782 1853 1105 1915 trepidasque
1131 1854 1222 1899 sub
1249 1870 1396 1899 amne
1422 1870 1612 1902 sorores

247 1943 458 1992 terrent,
483 1935 687 1980 indocili
713 1935 972 1996 pulsantes
997 1936 1204 1980 verbere
1229 1934 1448 1984 fluctum.

1723 2020 1749 2063 ΕΛ

248 2033 396 2079 saepe
421 2019 575 2062 etiam
598 2015 776 2061 mediis
801 2015 964 2060 furata
990 2032 1016 2060 e
1043 2015 1250 2061 collibus
1275 2032 1392 2061 uvas
1658 2018 1714 2066 17

248 2103 382 2145 inter
407 2097 648 2144 Oreiadas
677 2097 877 2159 Panope
902 2096 1109 2142 fluvialis
1134 2100 1315 2143 amicas

249 2180 382 2241 fugit
405 2179 614 2225 lascivos
640 2181 882 2240 paganica
906 2181 1113 2223 numina
1139 2177 1345 2224 Faunos.

249 2261 433 2306 dicitur
458 2266 525 2316 et,
552 2259 720 2304 medio
747 2275 860 2304 cum
887 2258 957 2303 sol
984 2261 1129 2304 stetit
1154 2262 1331 2320 igneus
1357 2260 1491 2317 orbe,

249 2341 312 2388 ad
338 2357 602 2387 commune
631 2339 817 2384 fretum
845 2338 1047 2401 Satyros
1072 2342 1353 2401 vitreasque
1380 2357 1569 2387 sorores

549 2511 562 2535 ¹
595 2509 707 2549 Now
728 2509 882 2549 Monte
903 2509 1108 2557 Barbaro,
1134 2510 1177 2548 in
1200 2509 1450 2562 Campania.

549 2564 565 2590 ²
595 2564 646 2603 In
670 2564 861 2605 Thrace:
894 2578 990 2604 now
1013 2564 1207 2615 Despoto
1229 2565 1367 2617 Dagh.

256 2643 351 2701 236
