1871 3046
729 647 985 704 LIBER
1041 647 1221 703 XVII

646 815 876 863 CENTO
929 814 1308 862 NUPTIALIS

706 977 961 1023 AUSONIUS
1002 977 1168 1024 PAULO
1208 977 1253 1024 S.

284 1086 516 1134 PERLEGE
567 1088 661 1134 hoc
714 1093 883 1147 etiam,
935 1093 973 1135 si
1022 1105 1204 1152 operae
1254 1095 1349 1146 est,
1397 1087 1630 1134 frivolum
1681 1094 1733 1134 et

214 1176 401 1223 nullius
448 1182 599 1240 pretii
656 1178 970 1241 opusculum,
1011 1179 1145 1242 quod
1194 1195 1287 1224 nec
1336 1178 1477 1224 labor
1526 1176 1732 1223 excudit

213 1282 308 1312 nec
368 1284 486 1313 cura
543 1268 753 1326 limavit,
804 1272 911 1316 sine
959 1272 1153 1331 ingenii
1196 1271 1428 1314 acumine
1470 1273 1522 1313 et
1562 1283 1730 1313 morae

212 1361 521 1405 maturitate.

282 1448 566 1495 Centonem
617 1455 816 1507 vocant,
865 1453 951 1512 qui
1000 1453 1147 1512 primi
1196 1449 1289 1494 hac
1339 1449 1727 1493 concinnatione

212 1536 455 1584 luserunt.
530 1537 663 1584 solae
689 1541 962 1585 memoriae
989 1542 1252 1601 negotium
1287 1553 1455 1599 sparsa
1489 1535 1727 1598 colligere

210 1633 264 1673 et
288 1630 544 1690 integrare
572 1627 803 1685 lacerata,
825 1627 959 1690 quod
977 1627 1141 1674 ridere
1162 1630 1320 1690 magis
1346 1642 1496 1689 quam
1522 1625 1726 1671 laudare

208 1719 381 1778 possis.
453 1734 543 1779 pro
568 1734 683 1780 quo,
710 1720 750 1764 si
775 1734 865 1779 per
891 1717 1128 1780 sigillaria
1162 1721 1213 1763 in
1247 1721 1481 1764 auctione
1513 1720 1726 1772 veniret,

209 1821 377 1868 neque
415 1805 654 1853 Afranius
691 1823 908 1853 naucum
948 1807 1108 1864 daret)
1146 1823 1313 1870 neque
1351 1810 1542 1853 ciccum
1579 1822 1725 1853 suum

210 1893 417 1941 Plautus
443 1895 658 1942 offerret.
721 1899 865 1958 piget
891 1899 1027 1942 enim
1053 1896 1331 1958 Vergiliani
1357 1899 1589 1942 carminis
1615 1894 1724 1956 dig-

207 1986 423 2030 nitatem
450 1991 556 2032 tani
581 1985 786 2031 ioculari
812 1985 1175 2032 dehonestasse
1200 1989 1424 2031 materia.
1488 1985 1577 2032 sed
1602 1983 1723 2046 quid

206 2072 460 2120 facerem?
532 2078 721 2121 iussum
757 2081 893 2121 erat:
932 2075 1168 2138 quodque
1204 2081 1281 2121 est
1313 2078 1721 2137 potentissimum

206 2163 489 2225 imperandi
514 2180 692 2226 genus,
713 2165 939 2227 rogabat,
966 2168 1051 2227 qui
1076 2165 1250 2211 iubere
1275 2170 1494 2227 poterat,
1519 2170 1722 2210 sanctus

206 2254 480 2314 imperator
528 2252 933 2311 Valentinianus,
977 2257 1051 2299 vir
1097 2270 1212 2300 ineo
1251 2252 1435 2298 iudicio
1475 2252 1717 2298 eruditus.

205 2343 408 2401 nuptias
451 2341 706 2403 quondam
749 2342 995 2388 eiusmodi
1037 2341 1157 2388 ludo
1199 2340 1550 2403 descripserat,
1588 2342 1719 2401 aptis

257 2463 274 2487 ²
311 2480 347 2497 Ξ
369 2463 558 2516 κέντρων.
605 2461 877 2516 ἐγκεντρίζειν
898 2477 1046 2503 means
1067 2467 1095 2485 “
1111 2468 1158 2504 to
1178 2464 1305 2516 plant
1327 2463 1433 2516 slips
1448 2463 1469 2481 '²
1488 2462 1548 2512 (of
1568 2464 1713 2511 trees).

206 2519 245 2556 A
266 2517 356 2557 late
378 2517 523 2557 Greek
546 2518 681 2566 word,
708 2518 892 2566 κεντόνη,
916 2532 966 2558 or
987 2519 1251 2571 κεντονάρων,
1276 2519 1479 2570 meaning
1509 2531 1534 2557 a
1563 2517 1714 2568 patch-

205 2572 329 2611 work
350 2578 566 2624 garment,
593 2574 628 2612 is
649 2573 741 2613 also
761 2573 912 2613 found.
977 2574 1017 2612 A
1051 2578 1179 2613 cento
1212 2574 1248 2612 is
1286 2573 1507 2612 therefore
1537 2585 1562 2610 a
1591 2584 1718 2623 poem

207 2627 438 2678 compos-ed
470 2627 514 2666 of
544 2627 632 2667 odd
663 2628 920 2680 fragments.
985 2628 1101 2668 Such
1132 2628 1278 2668 works
1309 2641 1421 2666 were
1452 2639 1649 2667 common
1672 2626 1716 2664 in

210 2711 306 2758 370
