1871 3046
808 206 1167 254 AUSONIUS

229 338 472 385 iudicium
497 338 561 385 de
586 354 668 385 me
694 338 866 385 studui
891 345 1148 400 praestare
1175 339 1449 384 bonorum:

294 423 403 482 ipse
428 420 552 466 mihi
578 437 871 483 numquam,
896 420 1063 467 iudice
1090 437 1188 477 me,
1220 420 1400 481 placui.

227 502 385 549 officia
409 506 462 548 in
487 502 674 549 multos
699 502 896 548 diverso
922 502 1097 548 debita
1122 502 1262 548 cultu

294 588 538 648 personis,
562 588 772 642 meritiS,
798 591 1029 646 tempore
1056 584 1304 630 distribui.

226 667 400 714 litibus
425 668 646 714 abstinui
667 684 676 713 :
715 683 815 712 non
844 669 976 723 auxi,
1001 682 1104 711 non
1128 669 1288 712 minui
1315 682 1452 721 rem3

293 749 461 795 indice
487 764 569 794 me
594 747 778 804 nullus,
805 754 884 793 set
909 763 1076 808 neque
1102 753 1254 803 teste,
1280 750 1426 808 perit.

225 830 383 876 invidi
407 845 682 891 numquam
703 845 713 883 3
751 844 937 890 cupere
963 834 1116 890 atque
1142 829 1333 874 ambire
1359 828 1525 890 refugi
1545 844 1556 884 3

293 915 456 956 iurare
482 916 571 956 aut
595 909 778 955 falsum
804 909 974 955 dicere
1000 926 1090 970 par
1113 909 1280 955 habui.

224 992 377 1038 factio
401 1008 484 1038 me
511 992 604 1038 sibi
630 1008 749 1048 non,
775 1008 876 1036 non
904 994 1182 1037 coniuratio
1207 994 1400 1038 iunxit:

292 1078 488 1121 sincero
513 1073 645 1119 colui
670 1072 877 1119 foedere
903 1076 1161 1119 amicitias.

222 1156 427 1203 felicem
452 1158 572 1201 scivi
597 1171 700 1201 non
727 1157 828 1217 qui,
855 1153 990 1216 quod
1016 1153 1190 1212 vellet,
1215 1154 1444 1213 haberet,

292 1245 371 1285 set
396 1240 482 1301 qui
507 1253 598 1299 per
623 1235 786 1282 fatum
811 1253 914 1281 non
940 1236 1059 1282 data
1083 1252 1186 1281 non
1213 1243 1438 1299 cuperet.

222 1337 325 1367 non
350 1325 652 1376 occursator,
677 1335 780 1364 non
806 1318 1052 1380 garrulus,
1077 1319 1223 1365 obvia
1248 1335 1477 1378 cernens,

290 1403 445 1449 valvis
472 1409 525 1448 et
551 1401 663 1447 velo
688 1400 892 1447 condita
917 1417 1018 1446 non
1044 1401 1157 1448 adii.

223 1484 424 1542 famam,
450 1500 579 1547 quae
604 1489 776 1545 posset
801 1486 955 1529 vitam
982 1482 1205 1529 lacerare
1230 1484 1493 1542 bonorum,

290 1583 393 1613 non
418 1566 538 1612 finxi
565 1572 634 1622 et,
663 1581 830 1612 veram
857 1569 897 1611 si
923 1568 1138 1622 scierim,
1164 1569 1312 1614 tacui.

221 1653 292 1695 ira
316 1648 506 1712 procul,
534 1663 647 1709 spes
674 1663 800 1692 vana
825 1646 1016 1709 procul,
1042 1646 1215 1708 procul
1241 1650 1389 1692 anxia
1414 1664 1532 1694 cura

288 1735 442 1794 inque
468 1731 612 1776 bonis
636 1729 899 1775 hominum
925 1729 1109 1790 gaudia
1135 1728 1258 1775 falsa
1283 1729 1470 1792 procul.

220 1816 367 1860 vitati
391 1819 565 1859 coetus
591 1814 873 1874 eiuratique
897 1811 1147 1857 tumultus

289 1902 343 1942 et
368 1910 568 1956 semper
593 1892 738 1939 fictae
765 1896 1050 1955 principum
1076 1896 1340 1941 amicitiae.

218 1976 491 2040 deliquisse
517 1974 642 2020 nihil
668 1991 942 2038 numquam
970 1974 1173 2021 laudem
1199 1991 1307 2021 esse
1334 1979 1508 2037 putavi

286 2066 440 2122 atque
467 2059 623 2104 bonos
648 2073 813 2103 mores
838 2056 1036 2118 legibus
1062 2056 1294 2103 antetuli.

218 2143 362 2187 irasci
387 2147 651 2202 promptus
678 2141 940 2201 properavi
967 2137 1185 2184 condere
1210 2145 1406 2185 motum

285 2230 438 2286 atque
464 2221 589 2267 mihi
614 2237 802 2284 poenas
828 2236 917 2282 pro
942 2219 1151 2266 levitate
1178 2219 1312 2266 dedi.

218 2308 507 2367 coniugium
532 2321 623 2366 per
647 2303 805 2349 lustra
829 2317 1011 2348 novem
1038 2304 1145 2348 sine
1171 2305 1380 2349 crimine
1405 2319 1612 2350 concors

286 2404 442 2433 unum
469 2385 619 2432 habui
641 2403 650 2431 :
687 2391 868 2447 gnatos
894 2390 1133 2446 quattuor
1158 2384 1423 2431 edidimus.

217 2473 376 2532 prima
401 2470 526 2515 obiit
550 2468 772 2522 lactans3
809 2473 861 2512 at
886 2469 971 2528 qui
997 2465 1094 2511 fuit
1119 2466 1326 2513 ultimus
1352 2470 1478 2524 aevi,

284 2552 555 2613 pubertate
581 2548 693 2596 rudi
718 2564 820 2594 non
846 2547 982 2593 rudis
1008 2550 1215 2594 interiit.

221 2677 284 2721 44

1682 502 1742 547 15

1677 1323 1737 1368 25

1673 1732 1736 1778 30

1669 2142 1731 2188 35

1665 2548 1729 2594 40
