1871 3046
842 187 1197 235 AUSONIUS

269 326 481 382 torqueo
507 319 748 383 deceptos
774 335 869 382 ego
894 323 997 366 vita
1022 319 1213 366 caelibe
1239 336 1404 378 canos,

337 417 537 464 quoque
561 405 721 464 magis
747 402 894 459 solus,
922 401 1015 447 hoc
1041 416 1188 463 mage
1213 408 1435 448 maestus
1459 418 1567 464 ago.

269 482 448 529 vulnus
473 482 580 541 alit,
606 482 741 546 quod
766 489 908 529 muta
932 483 1110 529 domus
1137 482 1254 529 silet
1281 489 1333 530 et
1357 489 1497 530 torus
1522 483 1679 546 alget,
1720 485 1778 530 15

335 563 470 628 quod
494 565 625 611 mala
649 582 752 611 non
777 569 1025 628 cuiquam,
1053 582 1154 610 non
1180 566 1312 611 bona
1336 569 1596 628 participo.

266 663 484 705 maereO,
511 651 550 694 si
576 651 795 694 coniunx
819 647 903 693 alii
928 648 1059 693 bona
1079 664 1090 703 3
1130 664 1331 694 maereo
1357 654 1550 706 contra,

335 733 374 776 si
400 730 559 776 mala:
595 730 658 776 ad
685 730 975 792 exemplum
1000 737 1057 776 tu
1082 730 1206 775 mihi
1232 747 1432 793 semper
1457 730 1592 779 ades.

265 817 321 857 tu
338 811 462 857 inihi
479 828 598 857 crux
615 812 678 856 ab
694 818 908 874 utraque
925 815 1066 857 venis
1087 828 1095 857 :
1124 815 1226 858 sive
1245 818 1322 858 est
1338 812 1486 869 mala,
1503 812 1639 875 quod
1655 819 1711 859 tu

333 893 586 939 dissimilis
612 892 795 947 fueris3
834 909 921 938 seu
948 894 1095 950 bona,
1121 893 1255 956 quod
1283 893 1472 939 similis.
1718 895 1780 940 20

265 991 367 1020 non
393 991 488 1037 ego
514 991 635 1037 opes
661 991 821 1038 cassas
848 982 901 1021 et
924 978 1094 1020 inania
1119 975 1302 1037 gaudia
1327 975 1529 1037 plango,

333 1056 422 1103 sed
447 1059 642 1102 iuvenis
668 1060 838 1103 iuveni
864 1056 998 1119 quod
1024 1056 1148 1102 mihi
1174 1063 1317 1118 rapta
1343 1060 1460 1103 viro.

264 1138 413 1196 laeta,
432 1138 631 1200 pudiea,
648 1142 826 1200 gravis,
843 1155 1004 1201 genus
1021 1139 1197 1184 inclita
1215 1146 1268 1185 et
1283 1139 1458 1186 inclita
1474 1139 1648 1197 forma,

333 1227 386 1267 et
411 1221 553 1267 dolor
576 1228 729 1284 atque
756 1221 911 1267 decus
938 1225 1165 1284 coniugis
1191 1221 1416 1268 Ausonii.

264 1318 392 1364 quae
412 1302 562 1348 modo
582 1309 820 1364 septenos
847 1309 1027 1365 quater
1051 1302 1307 1365 inpletura
1333 1303 1646 1350 Decembres
1720 1305 1781 1350 25

331 1383 524 1446 liquisti
548 1390 712 1441 natos,
738 1385 950 1446 pignera
974 1391 1161 1441 nostra,
1189 1384 1327 1430 duos.

263 1464 348 1510 illa
373 1464 542 1511 favore
569 1465 668 1523 dei,
696 1469 825 1512 sicut
849 1473 938 1512 tua
962 1472 1079 1512 vota
1104 1465 1328 1523 fuerunt,

331 1546 527 1604 florent,
555 1551 742 1610 optatis
767 1547 1090 1594 adcumulata
1116 1549 1273 1594 bonis.

263 1635 316 1675 et
331 1645 524 1691 precor,
541 1636 599 1676 ut
616 1633 824 1693 vigeant
839 1629 1152 1694 tandemque
1170 1633 1444 1692 superstite
1462 1636 1678 1693 utroque

330 1715 536 1759 nuntiet
562 1712 656 1758 hoc
683 1715 839 1758 cineri
865 1719 1035 1758 nostra
1061 1712 1230 1758 favilla
1255 1719 1358 1758 tuo.
1717 1712 1780 1759 30

575 1945 967 1991 X.—AusoN1us
1007 1945 1268 1990 PARVULUS
1307 1944 1471 1990 qus

262 2069 306 2114 N
315 2084 379 2114 oN
407 2085 502 2131 ego
527 2076 580 2116 te
605 2069 836 2116 infletum
860 2072 1071 2115 memori
1097 2068 1340 2114 fraudabo
1366 2068 1608 2131 querella,

329 2155 534 2213 primus,
562 2159 699 2209 nate,
726 2168 839 2198 meo
865 2154 1070 2197 nomine
1097 2151 1233 2197 dicte
1260 2168 1415 2213 puer:

261 2250 516 2279 murmura
532 2250 680 2296 quen]
701 2237 872 2295 primis
889 2233 1227 2279 meditantem
1244 2233 1504 2280 absolvere
1522 2235 1686 2280 verbis

329 2315 511 2361 indolis
538 2323 592 2362 et
616 2316 814 2377 plenae,
842 2316 1127 2377 planximus
1155 2316 1419 2377 exequiis.l

260 2403 315 2443 tu
342 2401 535 2460 gremio
561 2402 611 2443 in
638 2401 809 2460 proavi
835 2397 985 2443 funus
1012 2413 1279 2443 commune
1305 2397 1515 2453 locatus,
1746 2400 1774 2444 5

330 2479 568 2525 invidiam
595 2478 778 2525 tumuli
804 2496 869 2525 ne
896 2485 1128 2540 paterere
1156 2483 1244 2525 tui.

728 2588 742 2611 1
786 2588 838 2627 V:
873 2587 1109 2640 obsequiis,
1141 2588 1307 2638 Peipcr.
