1871 3046
856 202 1215 250 AUSONIUS

281 341 468 383 venatu
493 341 547 382 et
571 338 697 382 ruris
722 335 863 382 cultu
888 338 1151 398 victusque
1177 338 1342 381 nitore

348 440 497 470 omne
522 440 702 471 aevum
727 440 992 487 peragens,
1017 423 1219 486 publica
1245 423 1530 486 despiciens
1551 441 1560 470 :

281 516 418 560 nosci
443 517 578 560 inter
601 517 788 576 primos
813 517 1037 576 cupiens,
1064 517 1198 576 prior
1223 530 1331 560 esse
1357 522 1610 571 recusans,

347 606 455 665 ipse
479 610 568 650 tuo
593 606 765 650 vivens
792 619 1034 666 segregus
1059 603 1279 650 arbitrio.
1732 601 1792 647 10

280 693 489 755 optabas
513 699 569 739 tu
595 709 677 739 me
704 709 952 755 generum
976 692 1188 739 florente
1216 696 1423 739 iuventa
1444 711 1452 738 :

349 789 524 844 optare
549 782 645 828 hoc
670 789 888 838 tantum,
915 798 1017 827 non
1043 788 1096 828 et
1121 782 1309 828 habere
1337 782 1526 828 datum.

280 877 395 917 vota
419 872 637 933 probant
661 874 830 933 superi
854 874 1149 934 meritisque
1175 870 1398 917 faventia
1423 875 1608 917 sanctis

348 959 549 1022 inplent
572 959 692 1017 fata,
720 963 811 1006 viri
837 960 971 1022 quod
998 960 1201 1007 voluere
1228 961 1360 1006 boni.

280 1056 334 1096 et
357 1066 494 1096 nunc
518 1053 756 1113 perpetui
783 1053 940 1097 sentis
968 1051 1060 1097 sub
1087 1050 1279 1096 honore
1306 1051 1541 1113 sepulcri,
1734 1051 1792 1096 15

347 1155 497 1201 quam
523 1155 761 1186 reverens
786 1146 936 1185 natae
963 1155 1215 1202 quamque
1241 1143 1316 1185 tui
1342 1156 1586 1185 maneam.

280 1227 478 1275 caelebs
503 1245 722 1291 namque
749 1245 908 1291 gener
932 1229 1057 1275 haec
1084 1245 1219 1275 nunc
1246 1232 1328 1291 pia
1351 1244 1563 1275 munera
1588 1228 1724 1275 solvo
1746 1245 1755 1274 ε

346 1334 463 1364 nam
490 1324 543 1365 et
568 1317 768 1365 caelebs
792 1335 1069 1382 numquam
1094 1317 1322 1364 desinam
1350 1325 1402 1365 et
1429 1334 1536 1364 esse
1565 1333 1735 1379 gener.

513 1497 900 1544 IX.——ATTUSIA
941 1497 1149 1544 LUCANA
1187 1498 1372 1544 SAmNA
1413 1499 1561 1545 UXOR

281 1609 556 1655 HACTENUS
582 1615 640 1655 ut
666 1625 820 1667 caros,
847 1613 918 1655 ita
943 1613 1075 1655 iusto
1102 1608 1279 1655 funere
1305 1608 1449 1655 fletos

345 1698 521 1745 functa
546 1701 640 1761 piis
667 1702 853 1745 cecinit
878 1702 1029 1744 nenia
1054 1705 1226 1744 nostra
1250 1698 1424 1745 modis.

278 1805 413 1834 nunc
439 1787 581 1834 dolor
606 1795 760 1851 atque
787 1805 960 1834 cruces
985 1805 1080 1835 nec
1108 1787 1473 1834 contrectabile
1500 1787 1697 1844 vulnus,

347 1880 574 1938 coniugis
601 1883 807 1938 ereptae
832 1892 965 1923 mors
990 1876 1318 1923 memoranda
1342 1876 1479 1922 mihi.

1764 1967 1791 2011 Q(

279 1966 461 2013 nobilis
485 1983 514 2011 a
539 1969 733 2029 proavis
760 1973 812 2012 et
838 1970 1033 2028 origine
1059 1966 1191 2011 clara
1217 1973 1438 2023 senatus,

344 2056 567 2102 moribus
590 2062 745 2118 atque
770 2056 913 2101 bonis
940 2055 1071 2101 clara
1097 2054 1281 2101 Sabina
1306 2059 1478 2117 magis.

278 2152 330 2192 te
358 2149 552 2191 iuvenis
579 2148 752 2207 primis
777 2145 882 2190 luxi
907 2144 1156 2206 deceptus
1181 2147 1233 2189 in
1259 2148 1403 2190 annis

345 2250 537 2297 perque
564 2250 746 2279 novem
773 2233 972 2280 caelebs
996 2240 1049 2280 te
1078 2233 1170 2279 fleo
1197 2233 1539 2296 Olympiadas.

278 2339 372 2370 nec
398 2323 520 2370 licet
546 2323 823 2370 obductum
850 2327 990 2369 senio
1015 2326 1178 2384 sopire
1205 2321 1463 2377 dolorem3

347 2428 548 2474 semper
572 2411 823 2458 crudescit
846 2428 963 2456 nam
990 2410 1114 2455 mihi
1140 2427 1303 2473 paene
1329 2427 1519 2456 recens.
1728 2412 1788 2456 10

277 2501 560 2548 admittunt
584 2500 668 2546 alii
694 2499 875 2546 solacia
900 2503 1143 2562 temporis
1168 2504 1335 2562 aegri:

345 2591 471 2638 haec
496 2593 721 2653 graviora
747 2588 869 2636 facit
894 2589 1100 2636 vulnera
1127 2589 1277 2651 longa
1304 2589 1425 2635 dies.

288 2695 349 2742 ⁷0

1839 2856 1860 2923 ,ζον
1832 2811 1857 2834 ἵζ’
1839 2778 1850 2783 ¹
1850 2725 1859 2729 η
