1871 3046
802 182 1157 230 AUSONIUS

782 356 1176 403 XIX-NARBO

223 465 332 512 NEC
356 473 431 525 tu,
458 466 641 512 Martie
670 466 862 523 NARBO,
890 465 1120 522 silebere,
1148 467 1354 510 nomine
1380 466 1520 509 cuius

222 545 332 592 fusa
355 561 447 607 per
469 548 757 592 inmensum
782 544 1036 607 quondam
1066 543 1325 589 Provincia
1349 558 1564 604 regnum

221 626 445 685 optinuit
468 623 655 670 multos
681 622 976 669 dominandi
1000 626 1107 669 iure
1134 621 1349 668 colonos.

221 702 481 746 insinuant
506 717 605 763 qua
630 716 682 746 se
709 700 854 746 Grais
880 699 1183 762 Allobroges
1209 702 1305 745 oris

223 778 604 842 excluduntque
632 779 786 826 Italos
812 779 999 841 Alpina
1025 783 1285 826 cacumina
1311 779 1452 837 fines,
1708 778 1735 823 5

221 872 320 919 qua
347 856 634 919 Pyrenaicis
659 858 858 904 nivibus
884 858 1190 904 dirimuntur
1217 859 1416 915 Hiberi,

222 951 321 997 qua
344 938 537 997 rapitur
561 952 802 997 praeceps
832 935 1104 982 Rhodanus
1130 939 1362 999 genitore
1392 935 1653 982 Lemanno

220 1015 537 1076 interiusque
562 1020 804 1075 premunt
828 1013 1133 1076 Aquitanica
1158 1031 1271 1061 rura
1297 1015 1586 1072 Cebennae,

222 1107 381 1154 usque
407 1095 459 1137 in
484 1091 797 1154 Teutosagos
822 1109 1119 1156 paganaque
1145 1096 1349 1139 nomina
1376 1093 1566 1150 Belcas,

221 1175 389 1216 totum
415 1170 586 1216 Narbo
610 1169 708 1216 fuit
729 1187 738 1216 :
774 1177 831 1216 tu
858 1170 1023 1216 Gallia
1047 1174 1208 1233 prima
1231 1174 1394 1234 togati
1682 1170 1738 1216 10

222 1250 440 1294 nominis
465 1247 667 1294 adtollis
694 1248 840 1295 Latio
865 1249 1164 1310 proconsule
1190 1248 1363 1296 fasces.

292 1324 429 1384 Quid
465 1342 744 1373 memorem
781 1333 1056 1390 portusque
1094 1334 1207 1374 tuos
1249 1334 1551 1390 montesque
1593 1326 1657 1371 la-

360 1420 548 1467 cusque
565 1405 583 1448 ?

223 1482 345 1545 quid
370 1482 581 1545 populos
607 1486 741 1529 vario
766 1483 1055 1530 discrimine
1082 1487 1235 1530 vestis
1262 1490 1315 1530 et
1339 1485 1470 1530 oris?

224 1560 461 1623 quodque
481 1561 576 1607 tibi
597 1560 741 1607 Pario
761 1561 1015 1624 quondam
1035 1562 1100 1608 de
1121 1578 1368 1608 marmore
1387 1561 1636 1623 templum

222 1645 398 1685 tantae
423 1638 568 1685 molis
594 1646 717 1696 erat,
745 1646 987 1702 quantam
1013 1657 1116 1686 non
1143 1647 1408 1703 sperneret
1434 1640 1552 1686 olim
1678 1639 1737 1685 15

223 1717 522 1781 Tarquinius
548 1718 857 1781 Catulusque
883 1723 1084 1777 iterum,
1112 1726 1396 1781 postremus
1422 1726 1475 1766 et
1499 1719 1601 1776 ille,

224 1812 375 1841 aurea
399 1799 485 1858 qui
511 1799 692 1842 statuit
718 1795 933 1859 Capitoli
960 1797 1196 1856 culmina,
1223 1798 1434 1844 Caesar?

224 1880 277 1920 te
304 1877 452 1920 maris
480 1874 571 1920 Eoi
595 1891 790 1921 merces
817 1882 870 1921 et
897 1876 1140 1922 Hiberica
1165 1876 1333 1923 ditant

223 1968 456 2014 aequora,
483 1959 536 1998 te
563 1952 744 1999 classes
772 1953 947 2016 Libyci
974 1954 1229 2017 Siculique
1255 1954 1511 2017 profundi,

225 2037 278 2077 et
303 2030 550 2093 quidquid
575 2035 710 2077 vario
735 2048 826 2094 per
849 2031 1069 2091 flumina,
1095 2050 1186 2095 per
1211 2032 1343 2080 freta
1368 2049 1514 2079 cursu
1678 2032 1739 2078 20

224 2108 521 2155 advehitur:
559 2116 669 2156 toto
694 2111 789 2156 tibi
814 2114 1020 2173 navigat
1045 2112 1165 2158 orbe
1191 2111 1430 2174 cataplus.

278 2262 294 2286 ¹
327 2261 406 2302 See
427 2266 531 2301 note
555 2276 611 2302 on
632 2276 672 2302 x.
699 2266 737 2302 2.

280 2315 296 2339 2
325 2316 417 2355 The
458 2316 615 2356 Belcae
662 2317 859 2367 (Volcae)
888 2331 1002 2357 were
1032 2317 1296 2357 subdivided
1333 2318 1429 2357 into
1464 2317 1540 2357 the
1575 2317 1740 2356 Volcae

227 2371 448 2410 Arecomii
470 2371 558 2410 and
585 2371 662 2410 the
684 2371 847 2411 Volcae
878 2372 1117 2425 Teutosagi
1148 2373 1209 2421 (in
1240 2372 1414 2420 Caesar,
1449 2373 1498 2412 B.
1512 2372 1559 2412 G.
1586 2372 1643 2411 vi.
1671 2372 1737 2419 20,

227 2425 343 2464 Ptol.
367 2437 416 2464 Π.
444 2439 484 2464 x.
513 2427 536 2465 8
560 2426 700 2465 called
724 2427 1001 2478 Tectosages)
1025 2444 1032 2466 :
1065 2428 1142 2466 the
1171 2427 1307 2466 latter
1327 2427 1445 2466 lived
1468 2428 1511 2465 in
1533 2427 1610 2466 the
1631 2431 1741 2465 west

227 2479 272 2519 of
291 2479 437 2519 Gallia
457 2479 803 2530 Narbonnensis,
829 2482 940 2520 with
967 2482 1184 2520 Toulouse
1205 2495 1251 2521 as
1273 2482 1391 2521 their
1411 2481 1527 2520 chief
1547 2487 1680 2520 town.

281 2533 296 2557 ³
325 2534 378 2573 In
398 2536 472 2573 1⁶21
493 2546 595 2583 ss.c.‚
615 2535 731 2574 after
746 2536 823 2575 the
845 2535 994 2575 defeat
1010 2536 1054 2575 of
1074 2537 1151 2576 the
1168 2536 1427 2588 Allobroges
1448 2535 1533 2575 and
1550 2535 1739 2574 Arverni

226 2589 287 2641 by
307 2588 389 2628 Gn.
417 2589 638 2629 Domitius
659 2590 746 2630 and
769 2590 816 2639 Q.
844 2590 1006 2630 Fabius
1029 2591 1261 2632 Maximus

230 2668 329 2713 280
