1871 3046
809 210 1165 258 AUSONIUS

1714 339 1738 382 U(

230 338 471 406 [mascula
498 341 749 387 Lesbiacis
776 339 979 402 Sappho
1006 343 1229 401 peritura
1255 335 1512 402 sagittisl]
1678 339 1719 383 2.

230 415 539 462 Harmoniae
566 416 730 462 cultus
756 414 998 476 Eriphyle
1026 421 1217 459 maesta
1242 420 1456 471 recusat,

227 489 404 536 infelix
429 497 549 537 nato
576 507 669 536 nec
695 489 953 536 fortunata
978 492 1170 534 marito.

228 572 336 611 tota
361 581 560 628 quoque
587 568 749 610 aeriae
778 564 968 609 Minoia
994 563 1162 609 fabula
1189 564 1367 609 Cretae

228 643 534 702 picturarum
562 643 719 686 instar
744 642 887 686 tenui
913 639 1005 685 sub
1032 641 1251 700 imagine
1279 639 1467 684 vibrat:

232 715 474 776 Pasiphae
501 718 630 760 nivei
661 718 888 776 sequitur
916 717 1125 776 vestigia
1152 717 1296 769 tauri,
1679 713 1740 757 30

229 789 342 834 licia
368 788 468 835 fert
492 788 773 849 glomerata
798 806 948 834 manu
977 789 1179 835 deserta
1206 788 1447 845 Ariadne,

229 866 434 925 respicit
458 865 679 909 abiectas
704 863 979 925 desperans
1008 863 1236 909 Phaedra
1261 863 1487 909 tabellas.

231 937 355 984 haec
380 938 618 1000 laqueum
646 941 796 999 gerit,
821 938 945 984 haec
973 955 1128 984 vanae
1155 938 1417 984 simulacra
1443 954 1655 984 coronae
1676 955 1684 983 τ

230 1012 507 1059 Daedaliae
534 1012 694 1074 pudet
720 1012 850 1058 hanc
876 1012 1094 1059 latebras
1119 1015 1327 1060 subiisse
1354 1017 1609 1059 iuvencae.

229 1094 521 1149 praereptas
547 1090 775 1150 queritur
800 1104 890 1149 per
915 1090 1081 1133 inania
1108 1088 1289 1149 gaudia
1316 1095 1491 1134 noctes
1678 1088 1739 1132 35

231 1162 507 1209 Laudamia
533 1162 673 1219 duas,
699 1165 797 1207 vivi
822 1161 1087 1225 functique
1115 1166 1294 1209 mariti.

229 1245 374 1300 parte
400 1244 569 1284 truces
595 1237 689 1282 alia
715 1241 901 1284 strictis
927 1238 1250 1284 mucronibus
1276 1255 1451 1285 omnes

231 1320 284 1359 et
308 1312 496 1359 Thisbe
524 1319 576 1358 et
603 1313 796 1358 Canace
824 1319 877 1358 et
903 1312 1102 1359 Sidonis
1128 1312 1301 1359 horret
1327 1313 1485 1359 Elissa
1508 1331 1517 1360 z

231 1390 458 1449 coniugis
474 1387 614 1444 haec,
634 1387 757 1433 haec
773 1390 928 1449 patris
945 1386 1137 1433 ethaeo
1154 1390 1288 1449 gerit
1304 1387 1514 1449 hospitis
1533 1405 1718 1434 ensem.

232 1469 366 1509 errat
392 1469 445 1508 et
470 1465 592 1524 ipsa,
618 1462 737 1507 olim
763 1462 923 1524 qualis
949 1478 1039 1523 per
1067 1462 1264 1508 Latmia
1290 1479 1405 1508 saxa
1683 1463 1744 1508 40

234 1537 609 1600 Endymioneos
637 1536 782 1583 solita
807 1536 1066 1582 adfectare
1093 1553 1309 1599 soporeS,

231 1630 345 1659 cum
371 1612 480 1659 face
508 1619 561 1658 et
585 1615 830 1674 astrigero
856 1611 1145 1658 diademate
1174 1612 1317 1657 Luna
1343 1613 1571 1658 bicornis.

230 1695 438 1734 centum
463 1687 588 1732 aliae
618 1693 846 1733 veterum
873 1686 1157 1732 recolentes
1185 1686 1391 1732 vulnera
1417 1704 1641 1733 amorum

232 1763 463 1809 dulcibus
490 1769 542 1809 et
567 1765 773 1808 maestis
799 1761 1032 1807 refovent
1057 1768 1313 1807 tormenta
1338 1762 1588 1824 querellis.

301 1837 439 1895 Quas
464 1841 600 1883 inter
624 1837 815 1883 medias
840 1836 1013 1882 furvae
1040 1835 1267 1897 caliginis
1292 1837 1519 1882 umbram
1683 1838 1744 1881 45

232 1913 441 1975 dispulit
467 1912 781 1958 inconsultus
808 1911 965 1956 Amor
991 1911 1322 1957 stridentibus
1349 1911 1452 1957 alis.

231 2004 483 2049 agnovere
509 2004 683 2033 omnes
711 2003 922 2049 puerum
949 1989 1261 2048 memorique
1287 2003 1489 2032 recursu

233 2078 552 2107 communem
579 2077 781 2107 sensere
808 2077 967 2117 reum,
988 2076 1291 2122 quamquam
1317 2061 1486 2106 umida
1512 2064 1697 2107 circum

233 2137 404 2182 nubila
431 2143 483 2182 et
507 2139 693 2182 auratis
720 2134 969 2196 fulgentia
995 2134 1196 2195 cingula
1221 2134 1370 2181 bullis

407 2254 421 2278 1
455 2253 605 2305 Suppl.
643 2252 867 2301 Ufsoletns:
901 2265 964 2301 (ep.
992 2251 1179 2298 Horace,
1208 2251 1286 2301 Ep.
1315 2262 1343 2289 Ι.
1375 2251 1461 2289 xix.
1489 2252 1553 2290 28.

290 2387 301 2410 1
334 2387 496 2427 Bribed
517 2387 576 2438 by
598 2387 829 2438 Polynices
852 2386 959 2424 with
985 2386 1059 2424 the
1084 2386 1289 2425 necklace
1313 2385 1356 2424 of
1387 2386 1643 2434 Harmonia,
1668 2387 1743 2425 she

234 2447 332 2481 sent
353 2443 431 2481 her
454 2441 654 2480 husband
677 2447 723 2480 to
746 2441 813 2479 his
835 2440 967 2479 death
991 2454 1045 2478 on
1069 2441 1145 2479 the
1168 2440 1424 2492 expedition
1440 2440 1484 2479 of
1506 2440 1582 2480 the
1603 2440 1743 2480 Seven

233 2498 407 2549 against
428 2496 608 2535 Thebes.
668 2494 978 2546 Amphiaraus,
1005 2508 1148 2534 aware
1170 2495 1214 2534 of
1234 2495 1338 2543 this,
1358 2494 1554 2547 charged
1578 2495 1644 2534 his
1666 2509 1741 2534 son

234 2552 472 2590 Alcmaeon
494 2555 541 2590 to
564 2563 728 2601 aveuge
753 2549 854 2587 him.

291 2608 306 2630 2
336 2606 426 2645 The
449 2606 580 2645 letter
602 2603 837 2643 addressed
863 2609 908 2642 to
934 2604 1008 2642 her
1031 2609 1209 2656 stepson
1233 2603 1522 2655 Hippolytus.

237 2701 331 2730 210
