1871 3046
830 199 1188 248 AUSONIUS

253 340 469 380 cuneata
493 337 652 380 crevit
677 332 802 379 haec
827 332 1015 380 theatri
1040 334 1309 378 inmanitas
1329 350 1338 378 ε

255 402 522 465 Pompeius
548 402 679 448 hanc
704 407 757 447 et
783 400 968 448 Balbus
995 407 1047 447 et
1073 400 1253 447 Caesar
1278 400 1424 447 dedit
1699 402 1763 448 40

253 470 561 517 Octavianus
587 476 939 516 concertantes
965 469 1262 530 sumptibus.

253 538 343 585 sed
367 538 489 601 quid
514 554 610 600 ego
635 539 827 584 istaec?
863 554 966 583 non
991 536 1084 582 hac
1112 536 1175 582 de
1202 552 1350 583 causa
1374 535 1472 582 huc
1498 536 1676 598 prodii,

252 613 310 652 ut
335 606 645 668 expedirem,
672 609 782 669 quis
807 605 1025 663 theatra,
1050 608 1160 668 quis
1185 603 1367 661 forum,

252 678 362 736 quis
387 674 697 720 condidisset
721 677 884 735 privas
909 680 1078 735 partes
1102 676 1360 719 moenium
1380 690 1390 718 :

252 748 330 788 set
354 748 412 787 ut
437 741 684 787 verendos
709 741 887 804 disque
912 741 1143 787 laudatos
1169 744 1298 787 viros
1701 741 1763 787 45

251 809 616 871 praegrederer
639 813 1005 872 aperiremque,
1031 809 1154 872 quid
1180 809 1374 856 vellent
1399 810 1504 856 sibi.

323 876 656 923 Pronuntiare
682 893 793 923 suas
819 877 986 924 solent
1012 881 1314 935 sententias,

251 961 374 1007 quas
399 947 610 1007 quisque
636 948 735 990 iam
760 945 1085 1006 prudentium
1113 948 1462 992 anteverterit.

252 1015 389 1059 scitis
413 1011 661 1074 profecto,
686 1029 815 1075 quae
841 1016 971 1068 sint3
1010 1019 1089 1060 set
1113 1017 1154 1059 si
1178 1016 1420 1060 memoria

251 1082 400 1127 rebus
426 1084 639 1127 vetustis
665 1080 873 1138 claudit,
898 1084 1071 1127 veniet
1094 1081 1260 1127 ludius
1703 1082 1765 1128 50

252 1148 580 1196 edissertator
604 1153 797 1207 harum,
824 1166 946 1212 quas
971 1156 1126 1195 teneo
1150 1152 1330 1196 minus.

828 1344 1190 1393 HL—Lunms

253 1455 472 1500 DELPHIS
499 1454 737 1501 Solonem
762 1457 947 1516 scripse
973 1454 1107 1499 fama
1131 1461 1210 1501 est
1235 1454 1467 1501 Atticum

249 1525 390 1586 γνῶθι
416 1523 627 1579 σεαυτόν,
655 1522 789 1584 quod
818 1522 1057 1568 Latinum
1084 1529 1191 1568 est:
1229 1539 1379 1569 nosce
1406 1530 1473 1571 te.

249 1591 398 1637 multi
423 1591 518 1636 hoc
547 1590 758 1636 Laconis
786 1606 895 1636 esse
924 1590 1149 1636 Chilonis
1174 1597 1372 1653 putant.

251 1659 498 1721 Spartane
526 1658 724 1715 Chilon,
751 1662 816 1705 sit
840 1665 984 1704 tuum
1011 1675 1191 1716 necne,
1216 1660 1499 1721 ambigunt,
1703 1661 1764 1705 55

250 1727 385 1790 quod
411 1731 551 1773 iuxta
576 1726 753 1783 fertur,
781 1727 865 1788 ὅρα
890 1730 1026 1777 τέλος
1048 1730 1228 1789 μακροῦ
1251 1728 1378 1787 βίου,

251 1796 403 1841 finem
428 1798 618 1842 intueri
642 1794 825 1856 longae
851 1798 984 1840 vitae
1013 1798 1097 1857 qui
1123 1795 1279 1841 iubes.

249 1864 398 1909 multi
422 1863 517 1909 hoc
545 1862 781 1909 Solonem
808 1862 925 1908 dixe
953 1862 1135 1908 Croeso
1161 1865 1467 1909 existimant.

252 1939 305 1978 et
333 1931 584 1977 Pittacum
610 1931 794 1976 dixisse
821 1930 953 1975 fama
979 1937 1057 1977 est
1085 1930 1323 1976 Lesbium

249 2001 482 2063 γίγνωσκε
508 2001 693 2060 καιρόνῖ
731 2005 934 2059 tempus
959 2005 1016 2044 ut
1041 2002 1191 2055 noris,
1217 1999 1372 2044 iubet.
1702 1998 1764 2045 60

250 2074 328 2113 set
355 2068 508 2129 καιρὸς
533 2070 629 2113 iste
655 2069 1018 2128 tempestivum
1043 2073 1246 2128 tempus
1274 2073 1366 2113 est.

251 2135 365 2181 Bias
393 2135 635 2181 Prieneus
660 2134 790 2180 dixit
816 2137 857 2181 οἶ
883 2137 1103 2182 πλεῖστοι
1129 2134 1273 2191 κακοί,

251 2203 385 2266 quod
412 2210 491 2249 est
518 2203 771 2260 Latinum,
799 2202 968 2264 plures
994 2202 1255 2248 hominum
1282 2208 1401 2248 sunt
1426 2201 1543 2247 mali
1565 2218 1575 2257 ;

250 2278 329 2318 set
354 2274 598 2333 inperitos
625 2275 766 2328 scitO,
794 2287 916 2332 quos
943 2270 1072 2316 dixit
1097 2270 1264 2318 malos

305 2392 321 2416 1
351 2391 568 2442 Literally
592 2394 619 2411 “
635 2389 816 2429 divided
846 2391 941 2429 into
964 2390 1136 2442 wedges
1153 2390 1302 2430 ”—i.c>.
1330 2391 1405 2430 the
1427 2389 1764 2442 wedge-shaped

250 2452 470 2499 segments
503 2446 599 2485 into
637 2445 781 2485 which
826 2445 902 2484 the
937 2445 1209 2485 auditorium
1250 2459 1338 2484 was
1379 2445 1560 2484 divided
1592 2444 1650 2497 by
1686 2445 1763 2484 the

249 2501 474 2553 radiating
494 2513 743 2553 gangways.

305 2554 321 2578 ²
350 2556 430 2596 See
452 2560 556 2595 note
579 2558 617 2604 4,
634 2569 674 2607 p.
698 2556 777 2595 313
797 2571 805 2595 z
839 2555 1061 2594 Ausonius
1082 2554 1246 2606 loosely
1270 2558 1519 2606 represents
1542 2553 1618 2593 the
1639 2554 1763 2593 three

249 2624 296 2649 as
316 2610 481 2663 having
500 2610 560 2650 all
581 2609 762 2649 worked
783 2617 831 2650 to
850 2608 1044 2663 produce
1065 2623 1091 2649 a
1113 2609 1252 2662 single
1274 2609 1459 2649 theatre.

252 2703 351 2749 314
