1871 3046
806 589 1063 646 LIBER
1106 589 1195 644 III

773 776 1225 843 [DOMESTICA]

730 950 922 997 I.—-DE
962 951 1264 996 HEREDIOLO

306 1089 418 1135 CUM
454 1090 517 1135 de
551 1090 739 1152 palatio
772 1097 886 1152 post
920 1091 1107 1136 multos
1137 1108 1295 1137 annos
1322 1091 1752 1148 honoratissimus,

237 1175 425 1234 quippe
474 1176 572 1218 iam
622 1173 812 1229 consul,
864 1173 1078 1219 redisset
1126 1173 1188 1218 ad
1238 1176 1469 1234 patriam,
1512 1173 1752 1231 villulam,

236 1270 386 1316 quam
421 1262 566 1316 pater
595 1255 888 1317 reliquerat,
913 1259 1252 1316 introgressus
1278 1255 1355 1301 his
1381 1257 1606 1302 versibus
1632 1256 1753 1302 lusit

240 1336 499 1381 Luciliano
526 1337 642 1382 stilo
664 1355 671 1382 ε

235 1474 398 1532 Salve,
425 1474 762 1532 herediolum,
790 1479 1035 1521 maiorum
1061 1492 1219 1537 regna
1242 1492 1485 1533 meorum,

304 1557 439 1619 quod
465 1574 694 1619 proavus,
721 1558 857 1620 quod
883 1574 1018 1614 avus,
1046 1557 1181 1619 quod
1205 1564 1352 1619 pater
1378 1558 1615 1615 excoluit,

235 1639 369 1701 quod
395 1639 519 1684 mihi
544 1643 643 1684 iam
669 1642 835 1686 senior
860 1646 1129 1701 properata
1154 1646 1317 1685 morte
1343 1639 1578 1702 reliquit:

304 1721 435 1767 eheu
462 1722 722 1768 nolueram
750 1730 855 1769 tam
882 1725 982 1766 cito
1007 1737 1152 1783 posse
1179 1720 1304 1766 frui!

234 1807 366 1850 iusta
390 1803 597 1866 quidem
623 1807 776 1849 series
803 1806 932 1865 patri
958 1802 1246 1859 succedere,
1272 1819 1445 1848 verum
1721 1804 1748 1848 5

304 1903 412 1932 esse
438 1886 585 1932 simul
611 1886 840 1932 dominos
866 1888 1055 1947 gratior
1081 1885 1202 1931 ordo
1228 1889 1336 1947 piis.

234 1985 369 2014 nunc
394 1968 534 2013 labor
559 1975 612 2014 et
637 1984 784 2014 curae
810 1984 923 2013 mea
949 1973 1097 2022 sunt3
1136 1967 1240 2012 sola
1265 1974 1386 2014 ante
1414 1967 1643 2029 voluptas

301 2051 527 2110 partibus
552 2053 605 2094 in
630 2052 829 2106 nostris,
857 2055 1029 2095 cetera
1055 2051 1210 2110 patris
1236 2055 1394 2095 erant.

234 2144 443 2189 parvum
468 2128 805 2185 herediolum,
830 2127 1010 2184 fateor,
1038 2133 1117 2172 set
1142 2126 1281 2172 nulla
1306 2126 1404 2173 fuit
1429 2144 1507 2174 res

303 2226 454 2271 parva
469 2227 708 2272 umquam
724 2212 1056 2271 aequanimis,
1070 2208 1202 2254 adde
1220 2212 1373 2255 etiam
1392 2212 1653 2255 unanimis.
1689 2210 1748 2255 10

235 2308 297 2338 ex
313 2295 480 2336 animo
497 2309 604 2337 rem
623 2298 755 2337 stare
771 2307 989 2353 aequum
1005 2296 1147 2351 putO,
1163 2306 1265 2335 non
1281 2294 1505 2336 animum
1522 2307 1583 2336 ex
1602 2307 1666 2337 re.

303 2381 485 2420 cuncta
511 2377 652 2435 cupit
678 2373 905 2428 Croesus,
934 2371 1195 2432 Diogenes
1221 2372 1466 2418 nihilum:

287 2558 302 2582 ¹
334 2557 390 2597 Of
410 2557 594 2609 Cyrene,
619 2570 643 2595 a
663 2555 848 2607 disciple
869 2555 914 2594 of
937 2554 1151 2596 Socrates.
1206 2557 1292 2595 For
1313 2557 1390 2596 the
1410 2555 1623 2596 aneedote
1644 2557 1746 2596 here

235 2612 403 2651 related
426 2625 487 2662 ep.
515 2611 702 2659 Horace,
726 2610 819 2652 Sat.
844 2621 893 2649 ΙΙ.
919 2610 980 2649 iii.
1012 2612 1098 2651 100.

242 2707 295 2750 32
