<?xml version="1.0" encoding="UTF-8"?>
<!DOCTYPE html PUBLIC "-//W3C//DTD XHTML 1.0 Transitional//EN"
    "http://www.w3.org/TR/xhtml1/DTD/xhtml1-transitional.dtd">
<html xmlns="http://www.w3.org/1999/xhtml" xml:lang="en" lang="en">
 <head>
  <title>
</title>
<meta http-equiv="Content-Type" content="text/html;charset=utf-8" />
  <meta name='ocr-system' content='tesseract 3.04.00' />
  <meta name='ocr-capabilities' content='ocr_page ocr_carea ocr_par ocr_line ocrx_word'/>
</head>
<body>
  <div class='ocr_page' id='page_1' title='image "ausonius00auso_0290.png"; bbox 0 0 1871 3046; ppageno 0'>
   <div class='ocr_carea' id='block_1_1' title="bbox 816 187 1172 234">
    <p class='ocr_par' dir='ltr' id='par_1_1' title="bbox 816 187 1172 234">
     <span class='ocr_line' id='line_1_1' title="bbox 816 187 1172 234; baseline 0.003 -1"><span class='ocrx_word' id='word_1_1' title='bbox 816 187 1172 234; x_wconf 88' lang='lat' dir='ltr'>AUSONIUS</span> 
     </span>
    </p>
   </div>
   <div class='ocr_carea' id='block_1_2' title="bbox 225 316 1739 2457">
    <p class='ocr_par' dir='ltr' id='par_1_2' title="bbox 233 316 1739 1047">
     <span class='ocr_line' id='line_1_2' title="bbox 310 316 1739 380; baseline -0.003 -16"><span class='ocrx_word' id='word_1_2' title='bbox 310 316 434 376; x_wconf 83' lang='lat' dir='ltr'><strong>Quis</strong></span> <span class='ocrx_word' id='word_1_3' title='bbox 459 335 559 364; x_wconf 90' lang='lat' dir='ltr'><strong>non</strong></span> <span class='ocrx_word' id='word_1_4' title='bbox 585 325 638 365; x_wconf 94' lang='lat' dir='ltr'><strong>et</strong></span> <span class='ocrx_word' id='word_1_5' title='bbox 662 318 861 376; x_wconf 88' lang='lat' dir='ltr'><strong>virides,</strong></span> <span class='ocrx_word' id='word_1_6' title='bbox 888 318 1024 380; x_wconf 90' lang='lat' dir='ltr'><strong>vulgi</strong></span> <span class='ocrx_word' id='word_1_7' title='bbox 1050 318 1245 375; x_wconf 90' lang='lat' dir='ltr'><strong>solacia,</strong></span> <span class='ocrx_word' id='word_1_8' title='bbox 1270 321 1431 364; x_wconf 85' lang='lat' dir='ltr'><strong>tincas</strong></span> <span class='ocrx_word' id='word_1_9' title='bbox 1648 316 1739 361; x_wconf 84' lang='lat'><strong>125</strong></span> 
     </span>
     <span class='ocr_line' id='line_1_3' title="bbox 241 391 1483 455; baseline -0.001 -18"><span class='ocrx_word' id='word_1_10' title='bbox 241 395 375 438; x_wconf 90' lang='lat' dir='ltr'><strong>norit</strong></span> <span class='ocrx_word' id='word_1_11' title='bbox 399 399 452 439; x_wconf 90' lang='lat' dir='ltr'><strong>et</strong></span> <span class='ocrx_word' id='word_1_12' title='bbox 474 393 725 450; x_wconf 82' lang='lat' dir='ltr'>alburnos,</span> <span class='ocrx_word' id='word_1_13' title='bbox 749 393 985 455; x_wconf 80' lang='lat' dir='ltr'><strong>praedam</strong></span> <span class='ocrx_word' id='word_1_14' title='bbox 1010 391 1283 454; x_wconf 84' lang='lat' dir='ltr'>puerilibus</span> <span class='ocrx_word' id='word_1_15' title='bbox 1309 391 1483 448; x_wconf 90' lang='lat' dir='ltr'><strong>hamis,</strong></span> 
     </span>
     <span class='ocr_line' id='line_1_4' title="bbox 239 465 1456 529; baseline 0 -18"><span class='ocrx_word' id='word_1_16' title='bbox 239 466 612 529; x_wconf 77' lang='lat' dir='ltr'><strong>stridentesque</strong></span> <span class='ocrx_word' id='word_1_17' title='bbox 637 466 775 524; x_wconf 87' lang='lat' dir='ltr'><strong>focis,</strong></span> <span class='ocrx_word' id='word_1_18' title='bbox 800 467 1005 512; x_wconf 90' lang='lat' dir='ltr'><strong>obsonia</strong></span> <span class='ocrx_word' id='word_1_19' title='bbox 1028 466 1205 527; x_wconf 90' lang='lat' dir='ltr'><strong>plebis,</strong></span> <span class='ocrx_word' id='word_1_20' title='bbox 1231 465 1456 511; x_wconf 77' lang='lat' dir='ltr'>alausas?</span> 
     </span>
     <span class='ocr_line' id='line_1_5' title="bbox 240 544 1714 603; baseline 0 -17"><span class='ocrx_word' id='word_1_21' title='bbox 240 547 391 603; x_wconf 81' lang='lat' dir='ltr'><strong>teque</strong></span> <span class='ocrx_word' id='word_1_22' title='bbox 407 544 540 587; x_wconf 85' lang='lat' dir='ltr'><strong>inter</strong></span> <span class='ocrx_word' id='word_1_23' title='bbox 555 544 747 602; x_wconf 87' lang='lat' dir='ltr'><strong>species</strong></span> <span class='ocrx_word' id='word_1_24' title='bbox 763 544 987 602; x_wconf 86' lang='lat' dir='ltr'><strong>geminas</strong></span> <span class='ocrx_word' id='word_1_25' title='bbox 1004 546 1343 601; x_wconf 87' lang='lat' dir='ltr'><strong>neutrumque</strong></span> <span class='ocrx_word' id='word_1_26' title='bbox 1361 546 1413 585; x_wconf 87' lang='lat' dir='ltr'><strong>et</strong></span> <span class='ocrx_word' id='word_1_27' title='bbox 1433 546 1714 602; x_wconf 87' lang='lat' dir='ltr'><strong>utrumque,</strong></span> 
     </span>
     <span class='ocr_line' id='line_1_6' title="bbox 238 614 1567 677; baseline 0 -17"><span class='ocrx_word' id='word_1_28' title='bbox 238 618 322 677; x_wconf 92' lang='lat' dir='ltr'><strong>qui</strong></span> <span class='ocrx_word' id='word_1_29' title='bbox 347 632 442 661; x_wconf 88' lang='lat' dir='ltr'><strong>nec</strong></span> <span class='ocrx_word' id='word_1_30' title='bbox 466 615 586 661; x_wconf 89' lang='lat' dir='ltr'><strong>dum</strong></span> <span class='ocrx_word' id='word_1_31' title='bbox 613 615 783 672; x_wconf 88' lang='lat' dir='ltr'><strong>salmo,</strong></span> <span class='ocrx_word' id='word_1_32' title='bbox 808 632 903 660; x_wconf 92' lang='lat' dir='ltr'><strong>nec</strong></span> <span class='ocrx_word' id='word_1_33' title='bbox 928 618 1025 660; x_wconf 84' lang='lat' dir='ltr'><strong>iam</strong></span> <span class='ocrx_word' id='word_1_34' title='bbox 1054 614 1179 660; x_wconf 89' lang='lat' dir='ltr'><strong>salar</strong></span> <span class='ocrx_word' id='word_1_35' title='bbox 1203 615 1567 677; x_wconf 82' lang='lat' dir='ltr'><strong>ambiguusque</strong></span> 
     </span>
     <span class='ocr_line' id='line_1_7' title="bbox 236 688 1738 750; baseline 0.001 -17"><span class='ocrx_word' id='word_1_36' title='bbox 236 689 494 734; x_wconf 85' lang='lat' dir='ltr'><strong>amborum</strong></span> <span class='ocrx_word' id='word_1_37' title='bbox 519 688 702 745; x_wconf 86' lang='lat' dir='ltr'><strong>mediO,</strong></span> <span class='ocrx_word' id='word_1_38' title='bbox 729 692 872 746; x_wconf 78' lang='lat' dir='ltr'><strong>sariO,</strong></span> <span class='ocrx_word' id='word_1_39' title='bbox 897 692 1183 750; x_wconf 77' lang='lat' dir='ltr'><strong>intercepte</strong></span> <span class='ocrx_word' id='word_1_40' title='bbox 1209 689 1301 734; x_wconf 89' lang='lat' dir='ltr'><strong>sub</strong></span> <span class='ocrx_word' id='word_1_41' title='bbox 1326 690 1484 734; x_wconf 80' lang='lat' dir='ltr'><strong>aevo?</strong></span> <span class='ocrx_word' id='word_1_42' title='bbox 1646 689 1738 735; x_wconf 85' lang='grc'><strong>130</strong></span> 
     </span>
     <span class='ocr_line' id='line_1_8' title="bbox 236 762 1570 824; baseline 0.001 -17"><span class='ocrx_word' id='word_1_43' title='bbox 236 769 291 808; x_wconf 88' lang='lat' dir='ltr'><strong>tu</strong></span> <span class='ocrx_word' id='word_1_44' title='bbox 315 779 515 824; x_wconf 90' lang='lat' dir='ltr'><strong>quoque</strong></span> <span class='ocrx_word' id='word_1_45' title='bbox 538 762 796 809; x_wconf 86' lang='lat' dir='ltr'><strong>flumineas</strong></span> <span class='ocrx_word' id='word_1_46' title='bbox 820 767 953 809; x_wconf 87' lang='lat' dir='ltr'><strong>inter</strong></span> <span class='ocrx_word' id='word_1_47' title='bbox 975 762 1298 808; x_wconf 86' lang='lat' dir='ltr'><strong>memorande</strong></span> <span class='ocrx_word' id='word_1_48' title='bbox 1323 762 1570 819; x_wconf 76' lang='lat' dir='ltr'><strong>cohortes,</strong></span> 
     </span>
     <span class='ocr_line' id='line_1_9' title="bbox 234 836 1503 899; baseline 0.001 -17"><span class='ocrx_word' id='word_1_49' title='bbox 234 837 398 898; x_wconf 85' lang='lat' dir='ltr'><strong>gobio,</strong></span> <span class='ocrx_word' id='word_1_50' title='bbox 423 852 525 881; x_wconf 91' lang='lat' dir='ltr'><strong>non</strong></span> <span class='ocrx_word' id='word_1_51' title='bbox 551 840 765 898; x_wconf 86' lang='lat' dir='ltr'><strong>geminis</strong></span> <span class='ocrx_word' id='word_1_52' title='bbox 788 841 944 882; x_wconf 79' lang='lat' dir='ltr'><strong>maior</strong></span> <span class='ocrx_word' id='word_1_53' title='bbox 970 841 1075 883; x_wconf 90' lang='lat' dir='ltr'><strong>sine</strong></span> <span class='ocrx_word' id='word_1_54' title='bbox 1102 837 1284 899; x_wconf 84' lang='lat' dir='ltr'><strong>pollice</strong></span> <span class='ocrx_word' id='word_1_55' title='bbox 1308 836 1503 898; x_wconf 90' lang='lat' dir='ltr'><strong>palmis,</strong></span> 
     </span>
     <span class='ocr_line' id='line_1_10' title="bbox 233 911 1417 973; baseline 0.001 -18"><span class='ocrx_word' id='word_1_56' title='bbox 233 913 572 972; x_wconf 78' lang='lat' dir='ltr'><strong>praepinguis,</strong></span> <span class='ocrx_word' id='word_1_57' title='bbox 596 916 747 967; x_wconf 84' lang='lat' dir='ltr'><strong>teres,</strong></span> <span class='ocrx_word' id='word_1_58' title='bbox 773 915 972 972; x_wconf 84' lang='lat' dir='ltr'><strong>ovipara</strong></span> <span class='ocrx_word' id='word_1_59' title='bbox 997 915 1282 973; x_wconf 81' lang='lat' dir='ltr'><strong>congestior</strong></span> <span class='ocrx_word' id='word_1_60' title='bbox 1306 911 1417 956; x_wconf 88' lang='lat' dir='ltr'><strong>alvo</strong></span> 
     </span>
     <span class='ocr_line' id='line_1_11' title="bbox 233 985 1339 1047; baseline 0.002 -18"><span class='ocrx_word' id='word_1_61' title='bbox 233 987 542 1047; x_wconf 88' lang='lat' dir='ltr'><strong>propexique</strong></span> <span class='ocrx_word' id='word_1_62' title='bbox 566 985 706 1030; x_wconf 89' lang='lat' dir='ltr'><strong>iubas</strong></span> <span class='ocrx_word' id='word_1_63' title='bbox 731 988 970 1043; x_wconf 89' lang='lat' dir='ltr'><strong>imitatus,</strong></span> <span class='ocrx_word' id='word_1_64' title='bbox 996 986 1160 1047; x_wconf 87' lang='lat' dir='ltr'><strong>gobiO,</strong></span> <span class='ocrx_word' id='word_1_65' title='bbox 1186 986 1339 1033; x_wconf 85' lang='lat' dir='ltr'><strong>barbi.</strong></span> 
     </span>
    </p>

    <p class='ocr_par' dir='ltr' id='par_1_3' title="bbox 225 1059 1734 2160">
     <span class='ocr_line' id='line_1_12' title="bbox 300 1059 1732 1123; baseline 0.001 -19"><span class='ocrx_word' id='word_1_66' title='bbox 300 1059 464 1115; x_wconf 90' lang='lat' dir='ltr'><strong>Nunc,</strong></span> <span class='ocrx_word' id='word_1_67' title='bbox 481 1075 633 1120; x_wconf 91' lang='lat' dir='ltr'><strong>pecus</strong></span> <span class='ocrx_word' id='word_1_68' title='bbox 658 1075 977 1122; x_wconf 86' lang='lat' dir='ltr'><strong>aequoreum,</strong></span> <span class='ocrx_word' id='word_1_69' title='bbox 997 1059 1332 1117; x_wconf 80' lang='lat' dir='ltr'><strong>celebrabere,</strong></span> <span class='ocrx_word' id='word_1_70' title='bbox 1351 1077 1534 1123; x_wconf 84' lang='lat' dir='ltr'><strong>magne</strong></span> <span class='ocrx_word' id='word_1_71' title='bbox 1561 1061 1732 1108; x_wconf 89' lang='lat' dir='ltr'><strong>silure:</strong></span> 
     </span>
     <span class='ocr_line' id='line_1_13' title="bbox 232 1134 1734 1196; baseline 0.001 -16"><span class='ocrx_word' id='word_1_72' title='bbox 232 1151 382 1196; x_wconf 86' lang='lat' dir='ltr'><strong>quem</strong></span> <span class='ocrx_word' id='word_1_73' title='bbox 408 1134 548 1180; x_wconf 82' lang='lat' dir='ltr'><strong>velut</strong></span> <span class='ocrx_word' id='word_1_74' title='bbox 573 1134 764 1179; x_wconf 87' lang='lat' dir='ltr'><strong>Actaeo</strong></span> <span class='ocrx_word' id='word_1_75' title='bbox 787 1134 1090 1196; x_wconf 88' lang='lat' dir='ltr'><strong>perductum</strong></span> <span class='ocrx_word' id='word_1_76' title='bbox 1115 1140 1315 1196; x_wconf 84' lang='lat' dir='ltr'><strong>tergora</strong></span> <span class='ocrx_word' id='word_1_77' title='bbox 1338 1134 1468 1180; x_wconf 89' lang='lat' dir='ltr'><strong>olivo</strong></span> <span class='ocrx_word' id='word_1_78' title='bbox 1642 1137 1734 1182; x_wconf 81' lang='lat'><strong>136</strong></span> 
     </span>
     <span class='ocr_line' id='line_1_14' title="bbox 231 1207 1599 1272; baseline 0.002 -20"><span class='ocrx_word' id='word_1_79' title='bbox 231 1207 528 1253; x_wconf 87' lang='lat' dir='ltr'><strong>amnicolam</strong></span> <span class='ocrx_word' id='word_1_80' title='bbox 553 1207 796 1268; x_wconf 90' lang='lat' dir='ltr'><strong>delphina</strong></span> <span class='ocrx_word' id='word_1_81' title='bbox 820 1224 959 1253; x_wconf 86' lang='lat' dir='ltr'><strong>reor:</strong></span> <span class='ocrx_word' id='word_1_82' title='bbox 996 1211 1064 1253; x_wconf 90' lang='lat' dir='ltr'><strong>sic</strong></span> <span class='ocrx_word' id='word_1_83' title='bbox 1091 1224 1181 1269; x_wconf 92' lang='lat' dir='ltr'><strong>per</strong></span> <span class='ocrx_word' id='word_1_84' title='bbox 1206 1207 1337 1254; x_wconf 85' lang='lat' dir='ltr'><strong>freta</strong></span> <span class='ocrx_word' id='word_1_85' title='bbox 1360 1226 1599 1272; x_wconf 83' lang='lat' dir='ltr'><strong>magnum</strong></span> 
     </span>
     <span class='ocr_line' id='line_1_15' title="bbox 231 1281 1397 1344; baseline 0.003 -18"><span class='ocrx_word' id='word_1_86' title='bbox 231 1282 410 1328; x_wconf 90' lang='lat' dir='ltr'><strong>laberis</strong></span> <span class='ocrx_word' id='word_1_87' title='bbox 437 1288 490 1328; x_wconf 93' lang='lat' dir='ltr'><strong>et</strong></span> <span class='ocrx_word' id='word_1_88' title='bbox 513 1281 652 1342; x_wconf 88' lang='lat' dir='ltr'><strong>longi</strong></span> <span class='ocrx_word' id='word_1_89' title='bbox 678 1285 757 1326; x_wconf 84' lang='lat' dir='ltr'><strong>vix</strong></span> <span class='ocrx_word' id='word_1_90' title='bbox 784 1285 1000 1343; x_wconf 88' lang='lat' dir='ltr'><strong>corporis</strong></span> <span class='ocrx_word' id='word_1_91' title='bbox 1026 1286 1226 1344; x_wconf 82' lang='lat' dir='ltr'><strong>agmina</strong></span> <span class='ocrx_word' id='word_1_92' title='bbox 1252 1283 1397 1329; x_wconf 87' lang='lat' dir='ltr'><strong>solvis</strong></span> 
     </span>
     <span class='ocr_line' id='line_1_16' title="bbox 229 1356 1527 1417; baseline 0.002 -15"><span class='ocrx_word' id='word_1_93' title='bbox 229 1363 317 1403; x_wconf 88' lang='lat' dir='ltr'><strong>aut</strong></span> <span class='ocrx_word' id='word_1_94' title='bbox 340 1357 573 1403; x_wconf 89' lang='lat' dir='ltr'><strong>brevibus</strong></span> <span class='ocrx_word' id='word_1_95' title='bbox 597 1356 846 1417; x_wconf 90' lang='lat' dir='ltr'><strong>deprensa</strong></span> <span class='ocrx_word' id='word_1_96' title='bbox 870 1356 1008 1402; x_wconf 90' lang='lat' dir='ltr'><strong>vadis</strong></span> <span class='ocrx_word' id='word_1_97' title='bbox 1032 1363 1120 1402; x_wconf 86' lang='lat' dir='ltr'><strong>aut</strong></span> <span class='ocrx_word' id='word_1_98' title='bbox 1145 1356 1361 1403; x_wconf 87' lang='lat' dir='ltr'><strong>fluminis</strong></span> <span class='ocrx_word' id='word_1_99' title='bbox 1388 1358 1527 1405; x_wconf 88' lang='lat' dir='ltr'><strong>ulvis.</strong></span> 
     </span>
     <span class='ocr_line' id='line_1_17' title="bbox 229 1429 1733 1491; baseline 0.001 -13"><span class='ocrx_word' id='word_1_100' title='bbox 229 1438 282 1478; x_wconf 88' lang='lat' dir='ltr'><strong>at</strong></span> <span class='ocrx_word' id='word_1_101' title='bbox 307 1448 419 1477; x_wconf 90' lang='lat' dir='ltr'><strong>cum</strong></span> <span class='ocrx_word' id='word_1_102' title='bbox 443 1429 740 1491; x_wconf 87' lang='lat' dir='ltr'><strong>tranquillos</strong></span> <span class='ocrx_word' id='word_1_103' title='bbox 764 1429 950 1475; x_wconf 88' lang='lat' dir='ltr'><strong>moliris</strong></span> <span class='ocrx_word' id='word_1_104' title='bbox 976 1434 1028 1474; x_wconf 90' lang='lat' dir='ltr'><strong>in</strong></span> <span class='ocrx_word' id='word_1_105' title='bbox 1053 1447 1201 1476; x_wconf 88' lang='lat' dir='ltr'><strong>amne</strong></span> <span class='ocrx_word' id='word_1_106' title='bbox 1228 1438 1438 1489; x_wconf 84' lang='lat' dir='ltr'><strong>meatus,</strong></span> <span class='ocrx_word' id='word_1_107' title='bbox 1640 1434 1733 1482; x_wconf 83' lang='lat'><strong>140</strong></span> 
     </span>
     <span class='ocr_line' id='line_1_18' title="bbox 230 1504 1444 1566; baseline -0.001 -15"><span class='ocrx_word' id='word_1_108' title='bbox 230 1513 281 1551; x_wconf 84' lang='lat' dir='ltr'><strong>te</strong></span> <span class='ocrx_word' id='word_1_109' title='bbox 306 1504 488 1550; x_wconf 85' lang='lat' dir='ltr'><strong>virides</strong></span> <span class='ocrx_word' id='word_1_110' title='bbox 515 1507 667 1566; x_wconf 80' lang='lat' dir='ltr'><strong>ripae,</strong></span> <span class='ocrx_word' id='word_1_111' title='bbox 693 1510 746 1550; x_wconf 90' lang='lat' dir='ltr'><strong>te</strong></span> <span class='ocrx_word' id='word_1_112' title='bbox 772 1504 969 1550; x_wconf 90' lang='lat' dir='ltr'><strong>caerula</strong></span> <span class='ocrx_word' id='word_1_113' title='bbox 993 1505 1140 1550; x_wconf 90' lang='lat' dir='ltr'><strong>turba</strong></span> <span class='ocrx_word' id='word_1_114' title='bbox 1164 1511 1444 1563; x_wconf 78' lang='lat' dir='ltr'><strong>natantum,</strong></span> 
     </span>
     <span class='ocr_line' id='line_1_19' title="bbox 228 1579 1509 1642; baseline -0.001 -15"><span class='ocrx_word' id='word_1_115' title='bbox 228 1587 282 1627; x_wconf 92' lang='lat' dir='ltr'><strong>te</strong></span> <span class='ocrx_word' id='word_1_116' title='bbox 305 1579 525 1642; x_wconf 88' lang='lat' dir='ltr'><strong>liquidae</strong></span> <span class='ocrx_word' id='word_1_117' title='bbox 552 1582 797 1624; x_wconf 85' lang='lat' dir='ltr'><strong>mirantur</strong></span> <span class='ocrx_word' id='word_1_118' title='bbox 820 1595 979 1641; x_wconf 91' lang='lat' dir='ltr'><strong>aquae</strong></span> <span class='ocrx_word' id='word_1_119' title='bbox 1000 1596 1009 1625; x_wconf 94' lang='lat'>:</span> <span class='ocrx_word' id='word_1_120' title='bbox 1047 1579 1345 1626; x_wconf 84' lang='lat' dir='ltr'><strong>diffunditur</strong></span> <span class='ocrx_word' id='word_1_121' title='bbox 1367 1580 1509 1626; x_wconf 90' lang='lat' dir='ltr'><strong>alveo</strong></span> 
     </span>
     <span class='ocr_line' id='line_1_20' title="bbox 227 1654 1504 1715; baseline 0.001 -14"><span class='ocrx_word' id='word_1_122' title='bbox 227 1661 395 1701; x_wconf 87' lang='lat' dir='ltr'><strong>aestus</strong></span> <span class='ocrx_word' id='word_1_123' title='bbox 420 1660 474 1699; x_wconf 93' lang='lat' dir='ltr'><strong>et</strong></span> <span class='ocrx_word' id='word_1_124' title='bbox 497 1656 711 1699; x_wconf 83' lang='lat' dir='ltr'><strong>extremi</strong></span> <span class='ocrx_word' id='word_1_125' title='bbox 735 1659 1036 1714; x_wconf 85' lang='lat' dir='ltr'><strong>procurrunt</strong></span> <span class='ocrx_word' id='word_1_126' title='bbox 1060 1657 1286 1715; x_wconf 83' lang='lat' dir='ltr'><strong>margine</strong></span> <span class='ocrx_word' id='word_1_127' title='bbox 1311 1654 1504 1704; x_wconf 87' lang='lat' dir='ltr'><strong>fluctus.</strong></span> 
     </span>
     <span class='ocr_line' id='line_1_21' title="bbox 228 1727 1446 1789; baseline 0 -15"><span class='ocrx_word' id='word_1_128' title='bbox 228 1729 340 1774; x_wconf 89' lang='lat' dir='ltr'><strong>talis</strong></span> <span class='ocrx_word' id='word_1_129' title='bbox 366 1728 655 1774; x_wconf 86' lang='lat' dir='ltr'><strong>Atlantiaco</strong></span> <span class='ocrx_word' id='word_1_130' title='bbox 680 1727 932 1789; x_wconf 89' lang='lat' dir='ltr'><strong>quondam</strong></span> <span class='ocrx_word' id='word_1_131' title='bbox 956 1727 1157 1773; x_wconf 85' lang='lat' dir='ltr'><strong>ballena</strong></span> <span class='ocrx_word' id='word_1_132' title='bbox 1181 1728 1446 1789; x_wconf 89' lang='lat' dir='ltr'><strong>profundo,</strong></span> 
     </span>
     <span class='ocr_line' id='line_1_22' title="bbox 227 1801 1728 1850; baseline 0 -1"><span class='ocrx_word' id='word_1_133' title='bbox 227 1820 340 1849; x_wconf 90' lang='lat' dir='ltr'><strong>cum</strong></span> <span class='ocrx_word' id='word_1_134' title='bbox 366 1808 519 1848; x_wconf 89' lang='lat' dir='ltr'><strong>vento</strong></span> <span class='ocrx_word' id='word_1_135' title='bbox 541 1808 746 1847; x_wconf 92' lang='lat' dir='ltr'><strong>motuve</strong></span> <span class='ocrx_word' id='word_1_136' title='bbox 772 1817 861 1847; x_wconf 91' lang='lat' dir='ltr'><strong>suo</strong></span> <span class='ocrx_word' id='word_1_137' title='bbox 884 1801 1079 1848; x_wconf 89' lang='lat' dir='ltr'><strong>telluris</strong></span> <span class='ocrx_word' id='word_1_138' title='bbox 1104 1802 1168 1847; x_wconf 92' lang='lat' dir='ltr'><strong>ad</strong></span> <span class='ocrx_word' id='word_1_139' title='bbox 1194 1819 1300 1849; x_wconf 89' lang='lat' dir='ltr'><strong>oras</strong></span> <span class='ocrx_word' id='word_1_140' title='bbox 1637 1805 1728 1850; x_wconf 76' lang='lat'><strong>145</strong></span> 
     </span>
     <span class='ocr_line' id='line_1_23' title="bbox 227 1876 1680 1940; baseline 0 -16"><span class='ocrx_word' id='word_1_141' title='bbox 227 1877 433 1940; x_wconf 85' lang='lat' dir='ltr'><strong>pellitur</strong></span> <span class='ocrx_word' id='word_1_142' title='bbox 451 1893 461 1922; x_wconf 92' lang='lat'>:</span> <span class='ocrx_word' id='word_1_143' title='bbox 488 1876 745 1922; x_wconf 84' lang='lat' dir='ltr'><strong>exclusum</strong></span> <span class='ocrx_word' id='word_1_144' title='bbox 767 1876 990 1922; x_wconf 86' lang='lat' dir='ltr'><strong>exundat</strong></span> <span class='ocrx_word' id='word_1_145' title='bbox 1008 1893 1145 1922; x_wconf 86' lang='lat' dir='ltr'><strong>mare</strong></span> <span class='ocrx_word' id='word_1_146' title='bbox 1164 1894 1446 1940; x_wconf 89' lang='lat' dir='ltr'><strong>magnaque</strong></span> <span class='ocrx_word' id='word_1_147' title='bbox 1467 1886 1680 1940; x_wconf 78' lang='lat' dir='ltr'><strong>surgunt</strong></span> 
     </span>
     <span class='ocr_line' id='line_1_24' title="bbox 225 1950 1485 2013; baseline 0.001 -16"><span class='ocrx_word' id='word_1_148' title='bbox 225 1967 442 2013; x_wconf 86' lang='lat' dir='ltr'><strong>aequora</strong></span> <span class='ocrx_word' id='word_1_149' title='bbox 466 1953 716 2011; x_wconf 87' lang='lat' dir='ltr'><strong>vicinique</strong></span> <span class='ocrx_word' id='word_1_150' title='bbox 742 1953 929 1995; x_wconf 80' lang='lat' dir='ltr'><strong>timent</strong></span> <span class='ocrx_word' id='word_1_151' title='bbox 954 1950 1246 1996; x_wconf 88' lang='lat' dir='ltr'><strong>decrescere</strong></span> <span class='ocrx_word' id='word_1_152' title='bbox 1271 1958 1485 1998; x_wconf 90' lang='lat' dir='ltr'><strong>montes.</strong></span> 
     </span>
     <span class='ocr_line' id='line_1_25' title="bbox 226 2023 1507 2080; baseline 0.001 -9"><span class='ocrx_word' id='word_1_153' title='bbox 226 2025 308 2071; x_wconf 88' lang='lat' dir='ltr'><strong>hic</strong></span> <span class='ocrx_word' id='word_1_154' title='bbox 331 2032 519 2080; x_wconf 89' lang='lat' dir='ltr'><strong>tamen,</strong></span> <span class='ocrx_word' id='word_1_155' title='bbox 546 2023 626 2068; x_wconf 92' lang='lat' dir='ltr'><strong>hic</strong></span> <span class='ocrx_word' id='word_1_156' title='bbox 653 2030 853 2069; x_wconf 86' lang='lat' dir='ltr'><strong>nostrae</strong></span> <span class='ocrx_word' id='word_1_157' title='bbox 878 2027 1014 2069; x_wconf 87' lang='lat' dir='ltr'><strong>mitis</strong></span> <span class='ocrx_word' id='word_1_158' title='bbox 1039 2023 1239 2069; x_wconf 89' lang='lat' dir='ltr'><strong>ballena</strong></span> <span class='ocrx_word' id='word_1_159' title='bbox 1266 2025 1507 2072; x_wconf 90' lang='lat' dir='ltr'><strong>Mosellae</strong></span> 
     </span>
     <span class='ocr_line' id='line_1_26' title="bbox 227 2097 1571 2160; baseline 0.001 -14"><span class='ocrx_word' id='word_1_160' title='bbox 227 2103 380 2146; x_wconf 86' lang='lat' dir='ltr'><strong>exitio</strong></span> <span class='ocrx_word' id='word_1_161' title='bbox 405 2098 577 2160; x_wconf 88' lang='lat' dir='ltr'><strong>procul</strong></span> <span class='ocrx_word' id='word_1_162' title='bbox 604 2104 681 2144; x_wconf 87' lang='lat' dir='ltr'><strong>est</strong></span> <span class='ocrx_word' id='word_1_163' title='bbox 706 2114 990 2160; x_wconf 88' lang='lat' dir='ltr'><strong>magnoque</strong></span> <span class='ocrx_word' id='word_1_164' title='bbox 1016 2097 1175 2143; x_wconf 87' lang='lat' dir='ltr'><strong>honor</strong></span> <span class='ocrx_word' id='word_1_165' title='bbox 1199 2098 1399 2146; x_wconf 88' lang='lat' dir='ltr'><strong>additus</strong></span> <span class='ocrx_word' id='word_1_166' title='bbox 1424 2105 1571 2149; x_wconf 84' lang='lat' dir='ltr'><strong>amni.</strong></span> 
     </span>
    </p>

    <p class='ocr_par' dir='ltr' id='par_1_4' title="bbox 226 2172 1726 2457">
     <span class='ocr_line' id='line_1_27' title="bbox 296 2172 1726 2235; baseline 0.001 -15"><span class='ocrx_word' id='word_1_167' title='bbox 296 2174 402 2220; x_wconf 89' lang='lat' dir='ltr'><strong>Iam</strong></span> <span class='ocrx_word' id='word_1_168' title='bbox 424 2173 638 2235; x_wconf 89' lang='lat' dir='ltr'><strong>liquidas</strong></span> <span class='ocrx_word' id='word_1_169' title='bbox 663 2179 916 2233; x_wconf 86' lang='lat' dir='ltr'><strong>spectasse</strong></span> <span class='ocrx_word' id='word_1_170' title='bbox 941 2175 1042 2218; x_wconf 90' lang='lat' dir='ltr'><strong>vias</strong></span> <span class='ocrx_word' id='word_1_171' title='bbox 1068 2179 1122 2218; x_wconf 90' lang='lat' dir='ltr'><strong>et</strong></span> <span class='ocrx_word' id='word_1_172' title='bbox 1145 2172 1337 2219; x_wconf 81' lang='lat' dir='ltr'><strong>lubrica</strong></span> <span class='ocrx_word' id='word_1_173' title='bbox 1360 2178 1521 2235; x_wconf 89' lang='lat' dir='ltr'><strong>pisces</strong></span> <span class='ocrx_word' id='word_1_174' title='bbox 1633 2177 1726 2222; x_wconf 86' lang='lat'><strong>150</strong></span> 
     </span>
     <span class='ocr_line' id='line_1_28' title="bbox 226 2246 1571 2311; baseline 0.001 -17"><span class='ocrx_word' id='word_1_175' title='bbox 226 2252 426 2311; x_wconf 88' lang='lat' dir='ltr'><strong>agmina</strong></span> <span class='ocrx_word' id='word_1_176' title='bbox 448 2246 855 2308; x_wconf 89' lang='lat' dir='ltr'><strong>multiplicesque</strong></span> <span class='ocrx_word' id='word_1_177' title='bbox 881 2250 999 2292; x_wconf 90' lang='lat' dir='ltr'><strong>satis</strong></span> <span class='ocrx_word' id='word_1_178' title='bbox 1023 2263 1310 2294; x_wconf 89' lang='lat' dir='ltr'><strong>numerasse</strong></span> <span class='ocrx_word' id='word_1_179' title='bbox 1335 2255 1571 2295; x_wconf 88' lang='lat' dir='ltr'><strong>catervas.</strong></span> 
     </span>
     <span class='ocr_line' id='line_1_29' title="bbox 226 2320 1367 2383; baseline -0.001 -15"><span class='ocrx_word' id='word_1_180' title='bbox 226 2323 469 2368; x_wconf 90' lang='lat' dir='ltr'><strong>inducant</strong></span> <span class='ocrx_word' id='word_1_181' title='bbox 491 2321 639 2366; x_wconf 90' lang='lat' dir='ltr'><strong>aliam</strong></span> <span class='ocrx_word' id='word_1_182' title='bbox 665 2320 951 2381; x_wconf 88' lang='lat' dir='ltr'><strong>spectacula</strong></span> <span class='ocrx_word' id='word_1_183' title='bbox 975 2324 1108 2366; x_wconf 91' lang='lat' dir='ltr'><strong>vitea</strong></span> <span class='ocrx_word' id='word_1_184' title='bbox 1133 2337 1367 2383; x_wconf 85' lang='lat' dir='ltr'><strong>pompam</strong></span> 
     </span>
     <span class='ocr_line' id='line_1_30' title="bbox 226 2395 1448 2457; baseline -0.002 -12"><span class='ocrx_word' id='word_1_185' title='bbox 226 2397 600 2457; x_wconf 90' lang='lat' dir='ltr'><strong>sollicitentque</strong></span> <span class='ocrx_word' id='word_1_186' title='bbox 624 2411 774 2457; x_wconf 86' lang='lat' dir='ltr'><strong>vagos</strong></span> <span class='ocrx_word' id='word_1_187' title='bbox 802 2395 1046 2441; x_wconf 86' lang='lat' dir='ltr'><strong>Baccheia</strong></span> <span class='ocrx_word' id='word_1_188' title='bbox 1070 2413 1278 2442; x_wconf 89' lang='lat' dir='ltr'><strong>munera</strong></span> <span class='ocrx_word' id='word_1_189' title='bbox 1302 2401 1448 2455; x_wconf 90' lang='lat' dir='ltr'><strong>visus,</strong></span> 
     </span>
    </p>
   </div>
   <div class='ocr_carea' id='block_1_3' title="bbox 868 2484 1706 2492">
    <p class='ocr_par' dir='ltr' id='par_1_5' title="bbox 868 2484 1706 2492">
     <span class='ocr_line' id='line_1_31' title="bbox 868 2484 1706 2492; baseline 0 0"><span class='ocrx_word' id='word_1_190' title='bbox 868 2484 1706 2492; x_wconf 95' lang='lat' dir='ltr'><strong> </strong></span> 
     </span>
    </p>
   </div>
   <div class='ocr_carea' id='block_1_4' title="bbox 227 2515 1722 2625">
    <p class='ocr_par' dir='ltr' id='par_1_6' title="bbox 227 2515 1722 2625">
     <span class='ocr_line' id='line_1_32' title="bbox 281 2515 1722 2559; baseline 0.001 -3"><span class='ocrx_word' id='word_1_191' title='bbox 281 2517 296 2540; x_wconf 85' lang='lat'>¹</span> <span class='ocrx_word' id='word_1_192' title='bbox 326 2518 517 2556; x_wconf 80' lang='lat' dir='ltr'><strong>Because</strong></span> <span class='ocrx_word' id='word_1_193' title='bbox 540 2515 616 2554; x_wconf 80' lang='lat' dir='ltr'><strong>the</strong></span> <span class='ocrx_word' id='word_1_194' title='bbox 635 2515 865 2555; x_wconf 81' lang='lat' dir='ltr'><strong>olive—tree</strong></span> <span class='ocrx_word' id='word_1_195' title='bbox 885 2528 974 2555; x_wconf 84' lang='lat' dir='ltr'><strong>was</strong></span> <span class='ocrx_word' id='word_1_196' title='bbox 997 2515 1194 2556; x_wconf 84' lang='lat' dir='ltr'><strong>believed</strong></span> <span class='ocrx_word' id='word_1_197' title='bbox 1215 2521 1263 2557; x_wconf 82' lang='lat' dir='ltr'><strong>to</strong></span> <span class='ocrx_word' id='word_1_198' title='bbox 1286 2518 1397 2557; x_wconf 83' lang='lat' dir='ltr'><strong>have</strong></span> <span class='ocrx_word' id='word_1_199' title='bbox 1417 2517 1525 2559; x_wconf 81' lang='lat' dir='ltr'><strong>been</strong></span> <span class='ocrx_word' id='word_1_200' title='bbox 1548 2519 1722 2559; x_wconf 81' lang='lat' dir='ltr'><strong>created</strong></span> 
     </span>
     <span class='ocr_line' id='line_1_33' title="bbox 227 2570 742 2625; baseline -0.006 -13"><span class='ocrx_word' id='word_1_201' title='bbox 227 2573 286 2625; x_wconf 89' lang='lat' dir='ltr'><strong>by</strong></span> <span class='ocrx_word' id='word_1_202' title='bbox 310 2571 487 2611; x_wconf 74' lang='lat' dir='ltr'><strong>Athena</strong></span> <span class='ocrx_word' id='word_1_203' title='bbox 509 2571 552 2609; x_wconf 91' lang='lat' dir='ltr'><strong>in</strong></span> <span class='ocrx_word' id='word_1_204' title='bbox 576 2570 742 2609; x_wconf 72' lang='lat' dir='ltr'><strong>Attica.</strong></span> 
     </span>
    </p>
   </div>
   <div class='ocr_carea' id='block_1_5' title="bbox 232 2664 325 2709">
    <p class='ocr_par' dir='ltr' id='par_1_7' title="bbox 232 2664 325 2709">
     <span class='ocr_line' id='line_1_34' title="bbox 232 2664 325 2709; baseline -0.043 1"><span class='ocrx_word' id='word_1_205' title='bbox 232 2664 325 2709; x_wconf 81' lang='lat'><strong>234</strong></span> 
     </span>
    </p>
   </div>
  </div>
 </body>
</html>
