1871 3046
824 657 1080 714 LIBER
1132 656 1220 713 XI

559 824 651 870 OR
664 824 755 871 DO
798 825 1077 871 URBIUM
1126 824 1369 871 NOBILI
1382 824 1483 871 UM

893 978 1152 1023 L—Rom

268 1090 431 1135 PRIMA
460 1089 607 1135 urbes
634 1092 783 1145 inter,
809 1088 982 1133 divum
1008 1088 1202 1145 domus,
1228 1104 1379 1133 aurea
1413 1087 1572 1133 ROMA.

424 1293 511 1350 IL,
548 1293 1209 1340 HL-—CONSTANTmOPOLls
1249 1309 1307 1338 ET
1346 1293 1621 1338 CARTHAGO

265 1403 728 1448 CONSTANTINOPOLI
756 1402 983 1464 adsurgit
1011 1402 1285 1447 CARTHAGO
1313 1406 1479 1464 priori,

263 1502 365 1531 non
391 1492 501 1532 toto
528 1502 727 1531 cessura
753 1485 930 1547 gradu,
955 1489 1070 1548 quia
1096 1489 1248 1531 tertia
1274 1485 1374 1531 dici

263 1567 475 1625 fastidit,
502 1584 604 1613 non
630 1585 747 1614 ausa
772 1567 940 1614 locum
967 1584 1168 1629 sperare
1195 1568 1493 1626 secundum,

263 1653 349 1712 qui
374 1650 472 1696 fuit
497 1651 771 1696 ambarum.
845 1656 990 1696 vetus
1017 1649 1147 1695 hanc
1174 1650 1435 1712 opulentia
1460 1649 1700 1712 praefert,

263 1731 393 1777 hanc
418 1731 623 1778 fortuna
647 1748 823 1778 recens
844 1748 854 1787 3
892 1731 989 1778 fuit
1014 1731 1156 1789 haec,
1183 1733 1319 1778 subit
1343 1735 1439 1778 ista
1463 1735 1705 1794 novisque
1751 1733 1778 1777 5

263 1813 519 1860 excellens
543 1817 738 1860 meritis
765 1821 989 1860 veterem
1015 1817 1344 1876 praestringit
1369 1814 1613 1861 honorem

263 1902 317 1942 et
342 1895 676 1942 Constantino
702 1896 981 1942 concedere
1008 1899 1145 1958 cogit
1172 1896 1398 1942 Elissam.

260 1984 462 2024 accusat
488 1977 739 2040 Carthago
765 1978 886 2024 deos
911 1981 1010 2022 iam
1035 1977 1186 2040 plena
1211 1977 1435 2039 pudoris,

261 2076 396 2105 nunc
423 2076 622 2123 quoque
648 2063 687 2106 si
713 2060 876 2117 cedat,
907 2059 1115 2105 Romam
1141 2063 1222 2105 vix
1248 2076 1391 2122 passa
1417 2062 1649 2121 priorem.

329 2141 595 2204 Conponat
619 2149 811 2189 vestros
836 2141 1039 2188 fortuna
1063 2145 1271 2205 antiqua
1297 2148 1537 2188 tumores.
1717 2141 1778 2188 10

259 2227 331 2271 ite
357 2241 518 2287 pares,
542 2225 753 2272 tandem
777 2241 1043 2282 memores,
1069 2223 1203 2287 quod
1228 2227 1437 2270 numine
1463 2223 1638 2270 divum

259 2312 499 2371 angustas
523 2310 756 2353 mutastis
782 2323 903 2368 opes
930 2313 983 2352 et
1007 2309 1241 2351 nomina:
1279 2311 1336 2351 tu
1364 2321 1480 2351 cum

262 2387 541 2450 Byzantina
567 2388 750 2450 Lygos,
776 2394 833 2434 tu
864 2387 1050 2433 Punica
1078 2386 1232 2449 Byrsa
1257 2386 1410 2434 fuisti.

294 2516 327 2579 ⁸1
348 2517 450 2624 121)oe
477 2518 664 2570 original
695 2531 822 2558 name
856 2517 901 2557 of
941 2517 1205 2570 Byzantium
1232 2518 1320 2566 (see
1354 2515 1501 2568 Pliny,
1539 2514 1669 2555 N.H.
1709 2526 1771 2556 IV.

260 2585 317 2612 x1.
421 2603 429 2613 .

265 2652 359 2698 268
