1871 3046
819 194 1175 244 AUSONIUS

240 344 374 390 agas,
401 327 660 375 defendas.
734 330 890 389 igitur
926 331 1023 374 iste
1061 333 1278 388 nugator
1314 324 1515 371 libellus
1544 327 1641 369 iam
1668 323 1754 369 diu

239 424 435 465 secreta
453 417 677 481 quidem,
698 416 787 464 sed
808 416 945 478 vulgi
970 416 1190 462 lectione
1216 414 1464 460 laceratus
1490 415 1755 476 perveniet

243 507 449 554 tandem
477 510 530 553 in
559 523 737 553 manus
767 513 892 553 tuas.
968 521 1120 568 quem
1145 511 1201 550 tu
1228 511 1315 550 aut
1340 510 1398 550 ut
1424 502 1754 565 Aesculapius

238 595 609 659 redintegrabis
639 595 702 641 ad
732 598 902 652 vitam,
929 600 1017 640 aut
1042 600 1099 640 ut
1128 592 1269 639 Plato
1294 596 1499 639 iuvante
1527 591 1753 638 Vulcano

238 684 473 732 liberabis
499 684 720 741 infamia,
748 687 788 730 si
813 686 1078 746 pervenire
1106 699 1207 729 non
1233 682 1391 729 debet
1415 681 1479 728 ad
1503 680 1701 729 famam.

308 772 425 819 Fuit
449 779 623 819 autem
648 772 929 835 ineptiolae
951 772 1099 818 huius
1126 775 1221 818 ista
1247 774 1471 818 materia.
1533 773 1585 815 in
1606 785 1753 833 expe-

238 861 448 918 ditione,
475 860 611 924 quod
635 867 854 923 tempus,
889 867 945 907 ut
975 864 1086 918 scis,
1116 860 1353 907 licentiae
1391 859 1621 906 militaris
1659 865 1752 917 est,

238 966 389 1012 super
425 966 653 997 mensam
688 966 855 997 meam
891 949 1025 996 facta
1059 956 1136 996 est
1169 953 1420 1007 invitatio,
1444 965 1547 995 non
1576 948 1661 994 illa
1687 948 1751 994 de

240 1039 414 1085 Rubrii
443 1042 689 1098 convivio,
723 1045 780 1086 ut
818 1038 1013 1086 Graeco
1050 1055 1188 1085 more
1228 1037 1526 1094 biberetur,1
1553 1043 1632 1083 set
1666 1036 1750 1083 illa

235 1127 300 1175 de
328 1128 493 1175 Flacci
518 1126 732 1192 ecloga,²
757 1132 809 1175 in
835 1145 933 1192 qua
958 1134 1167 1191 propter
1201 1127 1466 1174 “mediam
1500 1133 1703 1173 noctem
1723 1126 1748 1141 '’

236 1225 290 1267 et
314 1224 543 1266 “novam
568 1219 741 1265 lunam
760 1218 785 1233 ''
816 1225 870 1265 et
895 1223 924 1244 ‘⁶
944 1219 1190 1265 Murenae
1216 1217 1561 1280 auguratun1''
1602 1222 1750 1263 “ter-

234 1325 325 1356 nos
350 1315 430 1356 ter
455 1308 664 1373 cyathos
697 1312 945 1355 attonitus
982 1312 1115 1371 petit
1151 1307 1339 1354 vates.''
1413 1307 1547 1353 hunc
1584 1307 1750 1353 locum

235 1398 299 1446 de
325 1402 546 1446 ternario
576 1415 788 1446 numero
825 1398 959 1445 illico
995 1405 1167 1445 nostra
1202 1398 1287 1443 illa
1324 1401 1522 1460 poetica
1560 1398 1750 1444 scabies

234 1492 404 1551 coepit
429 1488 730 1550 exculpere:
769 1491 908 1534 cuius
934 1489 1095 1533 morbi
1126 1490 1364 1551 quoniam
1397 1486 1543 1533 facile
1578 1493 1749 1533 conta-

232 1581 373 1639 gium
399 1584 492 1635 est,
517 1580 714 1624 utinam
739 1577 802 1623 ad
827 1584 881 1624 te
907 1593 1108 1640 quoque
1139 1580 1344 1640 prurigo
1371 1579 1671 1638 commigret
1696 1583 1749 1622 et

232 1666 348 1713 suco
372 1673 491 1713 tuae
518 1666 890 1713 emendationis
924 1666 1124 1713 adiecto
1160 1668 1394 1728 inpingas
1432 1665 1746 1727 sphongiam,

232 1773 361 1821 quae
386 1755 728 1819 inperfectum
753 1773 878 1819 opus
905 1759 1021 1820 equi
1047 1756 1178 1802 male
1205 1758 1485 1818 spumantis
1505 1756 1744 1803 absolvat.

231 1863 288 1892 ac
318 1863 383 1893 ne
416 1862 498 1892 me
532 1849 725 1893 nescias
760 1845 1049 1908 gloriosum,
1083 1852 1289 1908 coeptos
1325 1849 1461 1892 inter
1496 1846 1747 1908 pranden-

285 1947 301 1972 ¹
331 1948 411 1989 See
431 1948 518 1988 Cic.
547 1947 593 1987 in
622 1948 738 1987 Verr.
767 1960 814 1988 ΙΙ.
844 1948 869 1987 i.
895 1949 976 1988 26:
1010 1947 1206 1987 Rubrius
1228 1949 1358 1988 istius
1380 1949 1561 1988 comites
1582 1949 1746 1989 invitat

233 2035 241 2044 .
270 2035 277 2043 .
306 2034 314 2043 .
340 2008 513 2042 mature
543 2004 745 2051 veniunt,
779 2002 1075 2042 discumbit-ur
1097 2034 1105 2042 .
1133 2035 1142 2043 .
1171 2034 1180 2043 .
1204 2002 1255 2043 fit
1278 2017 1419 2043 sermo
1450 2004 1568 2043 inter
1597 2017 1670 2043 eos
1700 2008 1746 2043 et

231 2058 456 2106 invitatio,
481 2066 532 2097 ut
553 2058 721 2097 Graeco
742 2070 861 2097 more
881 2057 1121 2096 biberetur.

285 2111 302 2136 2
331 2112 517 2160 Horace,
555 2112 632 2152 Od.
669 2124 737 2151 111.
768 2112 856 2151 xix.
887 2113 911 2151 9
934 2112 998 2151 ff:
1030 2111 1087 2151 da
1122 2112 1252 2151 lunae
1276 2126 1461 2165 propere
1488 2126 1641 2161 novae,
1678 2112 1745 2152 Da

231 2169 375 2207 noctis
408 2167 594 2215 mediae,
633 2166 703 2215 da,
745 2180 869 2219 puer,
908 2167 1087 2218 auguris
1128 2167 1370 2207 Murenae.
1399 2200 1405 2208 .
1435 2199 1442 2207 .
1471 2167 1636 2207 Ternos
1675 2172 1745 2207 ter

231 2223 416 2275 cyathos
439 2222 663 2261 attonitus
683 2226 808 2273 petet
828 2221 980 2261 Vates.

287 2326 301 2351 ¹
330 2327 620 2379 Aesculapius
656 2327 855 2367 restored
898 2332 945 2367 to
985 2327 1061 2367 life
1097 2327 1372 2380 Hippolytus
1409 2328 1525 2368 after
1564 2328 1617 2367 he
1656 2327 1743 2368 had

230 2382 340 2422 been
370 2387 472 2421 torn
502 2386 550 2421 to
579 2382 735 2433 pieces.

285 2435 301 2459 2
330 2436 474 2484 Plato,
499 2436 616 2475 after
638 2436 820 2489 hearing
842 2435 1060 2485 Socrates,
1085 2436 1257 2476 burned
1287 2437 1354 2477 his
1386 2437 1609 2490 tragedies
1630 2453 1638 2477 τ
1672 2451 1742 2477 see

231 2491 345 2543 Diog
379 2491 523 2530 Laert.
546 2491 607 2530 iii.
630 2493 668 2539 8,
693 2491 781 2530 and
804 2504 869 2542 cp.
895 2491 1125 2543 Apuleius,
1151 2492 1201 2531 cle
1224 2492 1345 2542 Illa9.
1373 2505 1412 2532 X.

286 2547 302 2571 3
332 2558 388 2586 sc.
411 2545 520 2585 with
544 2544 635 2585 fire.

284 2600 299 2624 ‘¹
329 2600 435 2639 This
458 2613 545 2639 was
568 2601 612 2639 in
636 2600 712 2640 the
737 2601 997 2640 Alamannic
1020 2602 1248 2653 campaign
1273 2601 1318 2640 of
1340 2602 1474 2641 368-9
1496 2613 1586 2642 A.D.

231 2691 326 2739 354
