1871 3046
808 173 1166 221 AUSONIUS

226 313 335 352 tum
363 306 493 352 Iovis
521 312 574 353 et
600 306 748 352 Consi
775 322 1060 368 germanus,
1085 305 1354 352 Tartareus
1382 305 1489 363 Dis,

227 391 280 431 et
306 400 442 431 soror
469 391 523 431 et
548 387 766 431 coniunx
793 383 976 440 fratris,
1002 386 1177 444 regina
1202 382 1392 440 deum,1
1422 383 1523 440 Vis,

226 469 280 509 et
304 465 390 526 qui
415 462 713 526 quadriiugo
739 479 885 509 curru
911 468 1057 523 pater
1081 460 1340 507 invehitur
1367 461 1467 518 Sol,
1712 463 1739 508 5

226 544 413 603 quique
438 547 608 587 truces
633 540 753 586 belli
780 546 945 586 motus
972 542 1072 585 ciet
1098 542 1408 601 armipotens
1435 539 1588 597 Mars,

226 635 379 682 quem
403 635 678 681 numquam
703 622 881 680 pietas,
903 634 1179 680 numquam
1205 618 1337 663 bona
1357 618 1596 664 sollicitat
1627 617 1738 665 Pax.

227 714 321 743 nec
347 697 511 743 cultor
535 713 799 743 nemorum
825 698 1124 754 reticebere,
1153 696 1442 742 Maenalide
1473 696 1592 754 Pan,

227 792 323 821 nec
348 778 528 837 genius
554 775 811 831 domuum,
840 775 1076 821 Larunda
1100 778 1399 837 progenitus
1426 774 1541 832 Lar,

227 852 617 915 fluminibusque
645 853 786 899 Italis
811 854 1147 916 praepollens,
1175 853 1476 915 sulphureus
1504 853 1645 912 Nar,2
1682 853 1742 900 lO

227 946 459 993 quaeque
484 934 591 992 pias
616 930 790 976 divum
815 935 1050 993 periuria,
1075 932 1351 978 nocticolor
1377 931 1519 994 Styx,

229 1007 532 1071 velivolique
557 1012 707 1054 maris
733 1016 1028 1067 constrator,
1056 1010 1350 1056 leuconotos
1377 1010 1514 1068 Libs,

229 1093 282 1133 et
301 1104 577 1150 numquam
596 1091 649 1133 in
670 1087 834 1134 dubiis
854 1087 1113 1134 hominem
1133 1090 1264 1135 bona
1289 1088 1576 1135 destituens
1602 1087 1740 1150 Spes.

785 1324 1029 1371 IX.-DE
1067 1325 1198 1371 C1131s

230 1447 340 1492 NEC
365 1452 561 1492 nostros
587 1446 813 1492 reticebo
839 1446 992 1503 cibos,
1018 1462 1141 1508 quos
1167 1449 1358 1507 priscus
1384 1445 1540 1493 habet
1564 1464 1687 1505 mos,

228 1527 615 1570 inritamentum
641 1525 822 1587 quibus
847 1524 1052 1570 additur
1076 1539 1382 1587 aequoreum
1409 1525 1493 1571 sal.

229 1606 508 1649 communis
533 1606 804 1666 pecorique
831 1602 950 1648 olim
977 1603 1116 1648 cibus
1141 1608 1295 1665 atque
1321 1602 1514 1648 homini
1539 1603 1700 1666 glans,

227 1689 348 1729 ante
375 1682 612 1746 equidem
639 1685 827 1744 campis
853 1699 1004 1745 quam
1031 1685 1199 1743 spicea
1225 1689 1524 1744 suppeteret
1549 1682 1676 1730 frux.

227 1777 344 1807 mox
369 1761 491 1807 ador
515 1767 669 1823 atque
695 1759 859 1807 adoris
884 1760 948 1806 de
974 1760 1165 1822 polline
1192 1759 1475 1822 pultificum
1500 1761 1590 1819 far,
1716 1763 1743 1808 5

228 1843 468 1887 instruxit
493 1856 692 1886 mensas
718 1856 817 1902 quo
843 1839 1099 1902 quondam
1128 1839 1451 1885 Romulidum
1477 1840 1634 1902 plebs.

228 1918 346 1964 hinc
372 1919 528 1976 cibus,
554 1918 673 1963 hinc
698 1925 864 1980 potus,
891 1935 1004 1964 cum
1030 1918 1312 1964 dilueretur
1336 1934 1465 1980 aqua
1489 1918 1615 1980 puls.

229 2004 307 2044 est
331 2000 467 2044 inter
491 1996 664 2060 fruges
689 2013 855 2043 morsu
882 2000 1026 2059 piper
1050 2000 1383 2059 aequiperans
1409 2000 1502 2059 git,

230 2083 283 2123 et
311 2075 569 2122 Pelusiaco
595 2075 658 2122 de
686 2078 878 2121 semine
903 2075 1068 2137 plana,
1095 2081 1231 2121 teres
1257 2074 1385 2133 lens,

229 2161 283 2201 et
307 2154 497 2217 duplici
522 2152 733 2200 defensa
758 2156 1019 2216 putamine
1046 2156 1437 2215 quinquegenus
1463 2170 1582 2210 nux,
1685 2155 1745 2201 10

283 2283 300 2308 ¹
332 2296 394 2333 cp.
427 2282 588 2335 Virgil,
620 2281 727 2321 Aen.
769 2281 793 2321 i.
830 2283 881 2321 46
907 2280 958 2320 f.:
1000 2281 1086 2320 Ast
1116 2294 1209 2332 ego,
1250 2293 1363 2332 quae
1405 2280 1558 2320 divum
1591 2280 1746 2321 incedo

234 2338 382 2390 regina
404 2337 610 2389 Iovisque
632 2336 692 2376 Et
713 2349 835 2375 soror
856 2340 901 2375 et
922 2336 1112 2375 coniunx
1136 2365 1146 2374 .
1170 2366 1178 2375 .
1206 2366 1215 2375 .

285 2393 302 2415 ²
330 2405 394 2443 cp.
422 2391 482 2431 id.
505 2392 579 2430 vii.
607 2391 701 2434 517.

284 2523 301 2548 ²
329 2523 536 2564 Larunda
556 2537 604 2562 or
626 2523 739 2563 Lara
755 2536 846 2562 was
867 2522 943 2561 the
965 2521 1185 2574 daughter
1199 2520 1243 2560 of
1265 2521 1341 2561 the
1358 2520 1581 2573 river-god
1598 2521 1739 2562 Almo.

231 2579 324 2619 Her
347 2586 510 2631 tongue
532 2592 620 2617 was
642 2585 718 2617 cut
738 2584 817 2617 out
842 2577 900 2629 by
922 2577 1103 2628 Jupiter
1133 2576 1201 2615 for
1231 2575 1467 2628 betraying
1497 2576 1564 2615 his
1593 2589 1746 2615 amour

234 2658 328 2717 296
