1871 3046
847 237 1204 285 AUSONIUS

340 366 530 429 Magne
555 373 700 430 pater
724 385 908 426 rerum,
936 373 1015 415 cui
1040 375 1176 415 terra
1201 376 1254 415 et
1279 374 1465 430 pontus
1491 374 1544 415 et
1569 384 1654 413 aer

269 447 578 512 Tartaraque
605 456 659 496 et
682 453 807 512 picti
833 454 987 497 servit
1012 450 1161 512 plaga
1186 450 1350 496 lactea
1375 449 1517 506 caeli,

270 533 418 576 noxia
438 548 589 595 quem
611 533 860 579 scelerum
880 532 1042 593 plebis
1061 535 1237 578 tremit
1257 531 1488 593 almaque
1509 547 1702 577 russum

269 613 593 660 concelebrat
618 618 746 660 votis
772 617 1052 659 animarum
1076 614 1223 659 turba
1248 616 1472 675 piarum:

268 700 326 740 tu
352 694 516 741 brevis
541 695 677 741 hunc
701 698 811 740 aevi
839 711 1040 740 cursum
1065 695 1385 758 celeremque
1413 694 1632 742 caducae
1723 695 1784 742 10

269 775 423 823 finem
447 781 645 823 animae
672 776 829 823 donas
854 783 1094 823 aeternae
1119 793 1331 824 munere
1357 778 1529 824 vitae.1

269 865 326 904 tu
353 861 502 904 mites
527 858 697 921 legum
725 862 947 905 monitus
973 875 1238 922 sacrosque
1264 858 1537 921 prophetas

271 940 492 986 humano
516 943 746 1002 impertis
773 943 951 1003 generi
978 956 1245 1003 servasque
1272 947 1505 1003 nepotes,

270 1022 547 1085 deceptum
571 1026 837 1070 miseratus
865 1022 1045 1081 Adam³
1073 1040 1225 1086 quem
1252 1030 1399 1086 capta
1424 1027 1634 1070 venenis

271 1104 523 1167 implicuit
549 1108 738 1151 socium
763 1104 961 1151 blandis
987 1106 1235 1152 erroribus
1262 1106 1473 1151 Aevva.2
1726 1107 1784 1152 15

271 1193 327 1233 tu
348 1187 575 1244 verbum,
595 1193 741 1249 patei·
759 1187 910 1245 alme,
929 1194 1091 1245 tuum,
1112 1190 1391 1250 natumque
1413 1187 1682 1251 deumque).

272 1269 508 1316 concedis
533 1273 681 1316 terris
705 1276 870 1316 totum
897 1269 1214 1333 similemque
1240 1287 1533 1332 paremque,

272 1368 335 1398 ex
360 1368 479 1398 vero
504 1368 679 1398 verum
705 1355 916 1414 vivaque
942 1352 1004 1397 ab
1032 1355 1226 1414 origine
1253 1355 1434 1398 vivum.

272 1432 358 1480 ille
383 1436 483 1480 tuis
509 1433 690 1480 doctus
716 1437 921 1480 monitis
948 1433 1043 1480 hoc
1068 1434 1267 1481 addidit
1293 1451 1466 1492 unum,

273 1523 347 1574 ut,
373 1532 523 1578 super
548 1533 821 1579 aequoreas
847 1517 1002 1563 nabat
1028 1520 1113 1579 qui
1140 1520 1344 1580 spiritus
1371 1517 1570 1576 undas,3
1726 1518 1789 1564 20

273 1601 416 1661 pigra
441 1598 698 1645 inmortali
723 1605 990 1660 vegetaret
1015 1599 1241 1645 membra
1267 1599 1476 1645 lavacro.

272 1683 407 1727 trina
431 1680 556 1726 fides
581 1688 786 1727 auctore
814 1697 931 1739 uno,
958 1698 1072 1744 spes
1098 1688 1237 1728 certa
1263 1681 1436 1728 salutis

276 1761 362 1828 [da
388 1767 586 1809 veniam
612 1770 666 1810 et
691 1770 889 1826 praesta
914 1771 1144 1826 speratae
1171 1780 1382 1810 munera
1408 1768 1540 1811 vitae
1557 1762 1597 1830 4]

275 1844 411 1891 hunc
437 1862 705 1892 numerum
730 1849 916 1892 iunctis
942 1847 1213 1893 virtutibus
1238 1846 1585 1908 amplectenti.

343 1927 466 1974 Tale
493 1935 547 1974 et
572 1932 787 1974 terrenis
813 1932 1074 1991 specimen
1099 1935 1359 1991 spectatur
1388 1931 1440 1973 in
1466 1932 1562 1974 oris

277 2010 539 2073 Augustus
565 2015 784 2073 genitor,
810 2015 1071 2074 geminum
1097 2017 1230 2057 sator
1258 2010 1619 2072 Augustorum,
1728 2011 1789 2056 25

277 2096 363 2155 qui
388 2092 598 2139 fratrem
623 2100 901 2156 natumque
927 2097 1010 2155 pio
1037 2092 1312 2155 conplexus
1338 2099 1609 2155 utrumque

279 2178 487 2220 numine
514 2179 732 2237 partitur
756 2192 972 2238 regnum
997 2191 1164 2237 neque
1190 2174 1373 2220 dividit
1398 2191 1570 2232 unum,

279 2259 447 2302 omnia
472 2256 605 2303 solus
631 2257 823 2303 habens
848 2264 1001 2320 atque
1027 2260 1195 2302 omnia
1220 2257 1496 2319 dilargitus.

278 2339 371 2385 hos
398 2342 552 2401 igitur
577 2340 721 2385 nobis
746 2342 879 2386 trina
902 2343 1095 2401 pietate
1122 2343 1372 2401 vigentes,

335 2472 349 2496 1
379 2486 441 2524 cp,
470 2473 660 2512 Romans
680 2474 771 2513 viii.
801 2475 862 2513 18.
1001 2473 1016 2497 ²
1047 2487 1109 2524 cp.
1140 2475 1158 2512 l
1188 2473 1387 2524 Timothy
1408 2474 1451 2514 ii.
1481 2475 1541 2512 14.

336 2528 352 2552 3
382 2541 444 2578 cp.
474 2527 644 2567 Genesis
664 2528 689 2567 i.
715 2528 752 2567 2.

336 2581 353 2606 ‘²
383 2583 422 2622 A
443 2582 532 2621 line
553 2582 658 2622 such
679 2595 724 2621 as
746 2583 782 2621 is
803 2582 905 2622 here
927 2582 1129 2634 supplied
1157 2596 1343 2635 appears
1374 2587 1421 2623 to
1450 2582 1562 2622 have
1592 2582 1789 2635 dropped

285 2642 364 2677 out
384 2636 429 2676 of
459 2637 535 2676 the
557 2641 667 2678 text.

288 2717 349 2775 36
