1871 3046
823 222 1180 271 AUSONIUS

250 354 303 394 et
322 348 611 410 pharetram
632 358 686 398 et
705 353 885 398 rutilae
906 353 1163 400 fuscarent
1182 353 1439 416 lampados
1460 358 1644 416 ignem.
1695 354 1757 399 50

246 437 527 489 agnoscunt
551 437 721 477 tamen
751 439 802 477 et
829 449 1011 477 vanum
1038 434 1230 478 vibrare
1261 436 1484 494 vigorem

245 510 502 569 occipiunt
527 508 827 573 hostemque
852 528 1009 557 unum
1035 511 1143 557 loca
1168 529 1270 557 non
1295 528 1383 558 sua
1409 519 1666 569 nanctum,

245 601 359 631 cum
384 590 552 649 pigros
578 595 755 650 ageret
780 589 937 635 densa
964 590 1055 636 sub
1081 597 1232 636 nocte
1257 591 1468 648 volatus,

243 663 377 710 facta
396 666 530 712 nube
550 675 789 728 premunt
808 685 817 714 ε
855 669 1200 731 trepidantem
1222 676 1275 715 et
1295 685 1430 715 cassa
1449 676 1714 731 parantem

244 744 455 805 suffugia
480 748 531 790 in
557 753 758 792 coetum
782 748 981 794 mediae
1006 754 1205 794 traxere
1232 755 1475 795 catervae.
1696 750 1757 793 55

245 822 450 883 eligitur
474 831 668 870 maesto
693 833 886 888 myrtus
912 830 1173 872 notissima
1197 827 1326 884 luco,

242 900 487 947 invidiosa
511 902 665 948 deum
690 908 879 965 poenis.
956 909 1264 951 cruciaverat
1289 905 1391 951 illic

244 987 413 1041 spreta
438 981 557 1026 olim
582 999 859 1029 memorem
886 983 1098 1030 Veneris
1128 984 1425 1046 Proserpina
1450 984 1667 1031 Adonin.

243 1058 390 1105 huius
417 1063 467 1105 in
496 1061 695 1106 excelso
721 1078 1019 1123 suspensum
1047 1066 1220 1124 stipite
1247 1064 1487 1109 Amorem

243 1137 537 1185 devinctum
562 1146 677 1201 post
701 1147 847 1202 terga
871 1157 1048 1187 manus
1074 1142 1444 1204 substrictaque
1471 1141 1657 1203 plantis
1698 1141 1759 1187 60

244 1217 441 1263 vincula
468 1225 782 1265 maerentem
808 1219 948 1266 nullo
975 1221 1319 1267 moderamine
1346 1237 1540 1283 poenae

242 1295 498 1345 adficiunt.
575 1314 688 1344 reus
715 1305 793 1344 est
819 1302 926 1344 sine
953 1303 1178 1357 crimine,
1205 1300 1371 1346 iudice
1398 1299 1536 1345 nullo

245 1383 508 1422 accusatur
534 1377 704 1422 Amor.
779 1394 831 1423 se
857 1381 1068 1440 quisque
1094 1378 1352 1424 absolvere
1378 1382 1550 1440 gestit,

243 1454 515 1501 transferat
541 1462 597 1501 ut
623 1459 846 1517 proprias
872 1456 1037 1502 aliena
1062 1460 1113 1502 in
1141 1460 1350 1502 crimina
1375 1457 1559 1519 culpas.

244 1540 457 1579 cunctae
486 1535 846 1596 exprobrantes
871 1535 1073 1581 tolerati
1100 1538 1317 1597 insignia
1342 1535 1433 1581 leti
1693 1535 1753 1581 65

246 1611 556 1673 expediunt:
594 1612 718 1658 haec
744 1630 879 1658 arma
905 1620 1106 1675 putant,
1132 1613 1257 1659 haec
1283 1613 1409 1660 ultio
1436 1614 1612 1671 dulcis,

249 1696 319 1747 ut,
345 1707 444 1753 quo
470 1707 699 1753 quaeque
725 1695 875 1753 perit,
902 1691 1106 1737 studeat
1132 1695 1310 1753 punire
1336 1691 1575 1738 dolorem.

245 1768 369 1815 haec
390 1769 626 1831 laqueum
646 1776 809 1826 tenet,
829 1770 954 1816 haec
976 1773 1195 1832 speciem
1215 1773 1467 1816 mucronis
1487 1773 1690 1816 inanem

245 1850 448 1908 ingerit‚
474 1848 557 1892 illa
585 1864 728 1894 cavos
754 1865 928 1894 amnes
955 1864 1235 1910 rupemque
1262 1848 1511 1910 fragosam

245 1928 509 1987 insanique
537 1932 731 1972 metum
757 1926 924 1988 pelagi
951 1933 1004 1972 et
1030 1930 1137 1972 sine
1162 1926 1396 1972 fluctibus
1422 1942 1620 1989 aequor.
1698 1925 1760 1972 70

245 2003 520 2050 nonnullae
545 2004 767 2050 flammas
793 2008 1030 2067 quatiunt
1055 2005 1387 2067 trepidaeque
1413 2008 1671 2050 minantur

247 2083 521 2130 stridentes
547 2083 688 2129 nullo
714 2086 832 2145 igne
858 2082 1005 2129 faces.
1080 2083 1324 2129 rescindit
1347 2083 1579 2129 adultum

250 2160 455 2224 Myrrha
478 2168 678 2207 uterum
696 2161 912 2207 lacrimis
931 2160 1220 2206 lucentibus
1241 2164 1394 2223 inque
1416 2167 1687 2223 paventem

248 2256 479 2301 gemmea
506 2239 708 2286 fletiferi
732 2239 978 2285 iaculatur
1003 2242 1173 2285 sucina
1198 2243 1379 2285 trunci.

250 2318 498 2381 quaedam
524 2321 879 2380 ignoscentum
905 2321 1072 2379 specie
1099 2318 1313 2363 ludibria
1339 2324 1541 2363 tantum

250 2396 352 2442 sola
377 2396 569 2453 volunt3
596 2396 739 2442 stilus
765 2402 821 2441 ut
846 2399 1014 2441 tenuis
1041 2396 1133 2442 sub
1158 2400 1388 2441 acumine
1415 2399 1589 2457 puncti

250 2475 419 2521 eliciat
443 2481 694 2531 tenerum,
719 2474 783 2520 de
811 2491 908 2536 quo
934 2490 1042 2519 rosa
1068 2481 1201 2531 nata,
1229 2490 1456 2520 cruorem

250 2561 338 2600 aut
363 2555 481 2615 pubi
509 2553 811 2599 admoveant
837 2553 1118 2613 petulantia
1146 2554 1334 2598 lumina
1359 2553 1543 2615 lychni.

257 2718 348 2752 212
