<?xml version="1.0" encoding="UTF-8"?>
<!DOCTYPE html PUBLIC "-//W3C//DTD XHTML 1.0 Transitional//EN"
    "http://www.w3.org/TR/xhtml1/DTD/xhtml1-transitional.dtd">
<html xmlns="http://www.w3.org/1999/xhtml" xml:lang="en" lang="en">
 <head>
  <title>
</title>
<meta http-equiv="Content-Type" content="text/html;charset=utf-8" />
  <meta name='ocr-system' content='tesseract 3.04.00' />
  <meta name='ocr-capabilities' content='ocr_page ocr_carea ocr_par ocr_line ocrx_word'/>
</head>
<body>
  <div class='ocr_page' id='page_1' title='image "ausonius00auso_0310.png"; bbox 0 0 1871 3046; ppageno 0'>
   <div class='ocr_carea' id='block_1_1' title="bbox 790 195 1144 242">
    <p class='ocr_par' dir='ltr' id='par_1_1' title="bbox 790 195 1144 242">
     <span class='ocr_line' id='line_1_1' title="bbox 790 195 1144 242; baseline 0.006 -2"><span class='ocrx_word' id='word_1_1' title='bbox 790 195 1144 242; x_wconf 87' lang='lat' dir='ltr'>AUSONIUS</span> 
     </span>
    </p>
   </div>
   <div class='ocr_carea' id='block_1_2' title="bbox 208 326 1709 2133">
    <p class='ocr_par' dir='ltr' id='par_1_2' title="bbox 211 326 1709 1131">
     <span class='ocr_line' id='line_1_2' title="bbox 211 326 1709 389; baseline 0.002 -18"><span class='ocrx_word' id='word_1_2' title='bbox 211 343 306 372; x_wconf 90' lang='lat' dir='ltr'>nec</span> <span class='ocrx_word' id='word_1_3' title='bbox 324 329 486 372; x_wconf 89' lang='lat' dir='ltr'>minor</span> <span class='ocrx_word' id='word_1_4' title='bbox 505 326 614 384; x_wconf 92' lang='lat' dir='ltr'>hoc,</span> <span class='ocrx_word' id='word_1_5' title='bbox 632 330 842 373; x_wconf 87' lang='lat' dir='ltr'>tacitum</span> <span class='ocrx_word' id='word_1_6' title='bbox 863 330 947 389; x_wconf 89' lang='lat' dir='ltr'>qui</span> <span class='ocrx_word' id='word_1_7' title='bbox 967 343 1057 388; x_wconf 89' lang='lat' dir='ltr'>per</span> <span class='ocrx_word' id='word_1_8' title='bbox 1076 326 1179 371; x_wconf 87' lang='lat' dir='ltr'>sola</span> <span class='ocrx_word' id='word_1_9' title='bbox 1198 330 1403 388; x_wconf 78' lang='lat' dir='ltr'>pinguia</span> <span class='ocrx_word' id='word_1_10' title='bbox 1422 327 1595 373; x_wconf 83' lang='lat' dir='ltr'>labens</span> <span class='ocrx_word' id='word_1_11' title='bbox 1613 327 1709 375; x_wconf 84' lang='lat'>370</span> 
     </span>
     <span class='ocr_line' id='line_1_3' title="bbox 212 393 1291 456; baseline 0 -17"><span class='ocrx_word' id='word_1_12' title='bbox 212 397 415 456; x_wconf 86' lang='lat' dir='ltr'>stringit</span> <span class='ocrx_word' id='word_1_13' title='bbox 439 393 703 456; x_wconf 85' lang='lat' dir='ltr'>frugiferas</span> <span class='ocrx_word' id='word_1_14' title='bbox 727 394 849 440; x_wconf 86' lang='lat' dir='ltr'>felix</span> <span class='ocrx_word' id='word_1_15' title='bbox 876 395 1122 439; x_wconf 72' lang='lat' dir='ltr'>Alisontia</span> <span class='ocrx_word' id='word_1_16' title='bbox 1147 397 1291 454; x_wconf 89' lang='lat' dir='ltr'>ripas.</span> 
     </span>
     <span class='ocr_line' id='line_1_4' title="bbox 211 461 1638 524; baseline 0.001 -18"><span class='ocrx_word' id='word_1_17' title='bbox 211 461 348 507; x_wconf 89' lang='lat' dir='ltr'>mille</span> <span class='ocrx_word' id='word_1_18' title='bbox 368 461 467 518; x_wconf 87' lang='lat' dir='ltr'>alii,</span> <span class='ocrx_word' id='word_1_19' title='bbox 483 468 632 523; x_wconf 73' lang='lat' dir='ltr'>prout</span> <span class='ocrx_word' id='word_1_20' title='bbox 651 478 901 524; x_wconf 88' lang='lat' dir='ltr'>quemque</span> <span class='ocrx_word' id='word_1_21' title='bbox 923 477 1038 507; x_wconf 87' lang='lat' dir='ltr'>suus</span> <span class='ocrx_word' id='word_1_22' title='bbox 1057 465 1215 522; x_wconf 82' lang='lat' dir='ltr'>magis</span> <span class='ocrx_word' id='word_1_23' title='bbox 1235 465 1454 522; x_wconf 87' lang='lat' dir='ltr'>impetus</span> <span class='ocrx_word' id='word_1_24' title='bbox 1474 469 1638 523; x_wconf 86' lang='lat' dir='ltr'>urget,</span> 
     </span>
     <span class='ocr_line' id='line_1_5' title="bbox 212 528 1468 590; baseline -0.001 -15"><span class='ocrx_word' id='word_1_25' title='bbox 212 545 320 575; x_wconf 86' lang='lat' dir='ltr'>esse</span> <span class='ocrx_word' id='word_1_26' title='bbox 344 532 419 575; x_wconf 87' lang='lat' dir='ltr'>tui</span> <span class='ocrx_word' id='word_1_27' title='bbox 445 532 681 590; x_wconf 86' lang='lat' dir='ltr'>cupiunt:</span> <span class='ocrx_word' id='word_1_28' title='bbox 718 535 890 574; x_wconf 86' lang='lat' dir='ltr'>tantus</span> <span class='ocrx_word' id='word_1_29' title='bbox 916 530 1297 589; x_wconf 78' lang='lat' dir='ltr'>properantibus</span> <span class='ocrx_word' id='word_1_30' title='bbox 1321 528 1468 574; x_wconf 88' lang='lat' dir='ltr'>undis</span> 
     </span>
     <span class='ocr_line' id='line_1_6' title="bbox 212 596 1504 658; baseline 0.001 -18"><span class='ocrx_word' id='word_1_31' title='bbox 212 597 428 642; x_wconf 75' lang='lat' dir='ltr'>ambitus</span> <span class='ocrx_word' id='word_1_32' title='bbox 453 603 540 642; x_wconf 87' lang='lat' dir='ltr'>aut</span> <span class='ocrx_word' id='word_1_33' title='bbox 564 613 738 642; x_wconf 89' lang='lat' dir='ltr'>mores.</span> <span class='ocrx_word' id='word_1_34' title='bbox 813 596 947 658; x_wconf 90' lang='lat' dir='ltr'>quod</span> <span class='ocrx_word' id='word_1_35' title='bbox 972 600 1010 641; x_wconf 85' lang='lat' dir='ltr'>si</span> <span class='ocrx_word' id='word_1_36' title='bbox 1035 596 1145 652; x_wconf 91' lang='lat' dir='ltr'>tibi,</span> <span class='ocrx_word' id='word_1_37' title='bbox 1170 596 1251 640; x_wconf 82' lang='lat' dir='ltr'>dia</span> <span class='ocrx_word' id='word_1_38' title='bbox 1278 596 1504 653; x_wconf 78' lang='lat' dir='ltr'>Mosella,</span> 
     </span>
     <span class='ocr_line' id='line_1_7' title="bbox 213 663 1706 725; baseline 0.001 -16"><span class='ocrx_word' id='word_1_39' title='bbox 213 663 424 725; x_wconf 87' lang='lat' dir='ltr'>Smyrna</span> <span class='ocrx_word' id='word_1_40' title='bbox 449 680 592 708; x_wconf 88' lang='lat' dir='ltr'>suum</span> <span class='ocrx_word' id='word_1_41' title='bbox 616 670 782 708; x_wconf 89' lang='lat' dir='ltr'>vatem</span> <span class='ocrx_word' id='word_1_42' title='bbox 811 664 888 708; x_wconf 83' lang='lat' dir='ltr'>vel</span> <span class='ocrx_word' id='word_1_43' title='bbox 916 664 1126 708; x_wconf 82' lang='lat' dir='ltr'>Mantua</span> <span class='ocrx_word' id='word_1_44' title='bbox 1152 663 1281 708; x_wconf 83' lang='lat' dir='ltr'>clara</span> <span class='ocrx_word' id='word_1_45' title='bbox 1305 663 1546 721; x_wconf 75' lang='lat' dir='ltr'>dedisset,</span> <span class='ocrx_word' id='word_1_46' title='bbox 1612 663 1706 712; x_wconf 83' lang='lat'>375</span> 
     </span>
     <span class='ocr_line' id='line_1_8' title="bbox 213 730 1334 776; baseline 0.001 -1"><span class='ocrx_word' id='word_1_47' title='bbox 213 731 417 776; x_wconf 87' lang='lat' dir='ltr'>cederet</span> <span class='ocrx_word' id='word_1_48' title='bbox 444 730 606 776; x_wconf 80' lang='lat' dir='ltr'>Iliacis</span> <span class='ocrx_word' id='word_1_49' title='bbox 631 730 809 776; x_wconf 87' lang='lat' dir='ltr'>Simois</span> <span class='ocrx_word' id='word_1_50' title='bbox 833 738 1137 776; x_wconf 85' lang='lat' dir='ltr'>memoratus</span> <span class='ocrx_word' id='word_1_51' title='bbox 1163 735 1214 775; x_wconf 89' lang='lat' dir='ltr'>in</span> <span class='ocrx_word' id='word_1_52' title='bbox 1239 734 1334 776; x_wconf 89' lang='lat' dir='ltr'>oris</span> 
     </span>
     <span class='ocr_line' id='line_1_9' title="bbox 212 796 1447 860; baseline 0.002 -18"><span class='ocrx_word' id='word_1_53' title='bbox 212 814 306 843; x_wconf 89' lang='lat' dir='ltr'>nec</span> <span class='ocrx_word' id='word_1_54' title='bbox 331 796 584 858; x_wconf 82' lang='lat' dir='ltr'>praeferre</span> <span class='ocrx_word' id='word_1_55' title='bbox 610 814 722 843; x_wconf 89' lang='lat' dir='ltr'>suos</span> <span class='ocrx_word' id='word_1_56' title='bbox 745 798 958 844; x_wconf 78' lang='lat' dir='ltr'>auderet</span> <span class='ocrx_word' id='word_1_57' title='bbox 981 798 1195 860; x_wconf 80' lang='lat' dir='ltr'>Thybris</span> <span class='ocrx_word' id='word_1_58' title='bbox 1219 798 1447 844; x_wconf 86' lang='lat' dir='ltr'>honoreS.</span> 
     </span>
     <span class='ocr_line' id='line_1_10' title="bbox 212 865 1596 927; baseline 0.003 -18"><span class='ocrx_word' id='word_1_59' title='bbox 212 865 276 910; x_wconf 82' lang='lat' dir='ltr'>da</span> <span class='ocrx_word' id='word_1_60' title='bbox 301 868 512 921; x_wconf 87' lang='lat' dir='ltr'>veniam,</span> <span class='ocrx_word' id='word_1_61' title='bbox 539 865 618 921; x_wconf 87' lang='lat' dir='ltr'>da,</span> <span class='ocrx_word' id='word_1_62' title='bbox 646 865 800 909; x_wconf 73' lang='lat' dir='ltr'>Roma</span> <span class='ocrx_word' id='word_1_63' title='bbox 826 867 1032 926; x_wconf 86' lang='lat' dir='ltr'>potens!</span> <span class='ocrx_word' id='word_1_64' title='bbox 1072 865 1229 927; x_wconf 84' lang='lat' dir='ltr'>pulsa,</span> <span class='ocrx_word' id='word_1_65' title='bbox 1255 883 1355 922; x_wconf 89' lang='lat' dir='ltr'>oro,</span> <span class='ocrx_word' id='word_1_66' title='bbox 1382 866 1596 913; x_wconf 86' lang='lat' dir='ltr'>facessat</span> 
     </span>
     <span class='ocr_line' id='line_1_11' title="bbox 212 931 1542 995; baseline 0.002 -19"><span class='ocrx_word' id='word_1_67' title='bbox 212 931 399 977; x_wconf 86' lang='lat' dir='ltr'>invidia</span> <span class='ocrx_word' id='word_1_68' title='bbox 423 938 476 977; x_wconf 84' lang='lat' dir='ltr'>et</span> <span class='ocrx_word' id='word_1_69' title='bbox 502 931 675 977; x_wconf 82' lang='lat' dir='ltr'>Latiae</span> <span class='ocrx_word' id='word_1_70' title='bbox 702 932 932 978; x_wconf 85' lang='lat' dir='ltr'>Nemesis</span> <span class='ocrx_word' id='word_1_71' title='bbox 957 949 1059 977; x_wconf 91' lang='lat' dir='ltr'>non</span> <span class='ocrx_word' id='word_1_72' title='bbox 1084 937 1287 994; x_wconf 84' lang='lat' dir='ltr'>cognita</span> <span class='ocrx_word' id='word_1_73' title='bbox 1312 934 1542 995; x_wconf 86' lang='lat' dir='ltr'>linguae:</span> 
     </span>
     <span class='ocr_line' id='line_1_12' title="bbox 213 997 1544 1064; baseline 0.002 -20"><span class='ocrx_word' id='word_1_74' title='bbox 213 997 449 1064; x_wconf 84' lang='lat' dir='ltr'>[contigit</span> <span class='ocrx_word' id='word_1_75' title='bbox 472 998 596 1045; x_wconf 88' lang='lat' dir='ltr'>haec</span> <span class='ocrx_word' id='word_1_76' title='bbox 621 999 813 1056; x_wconf 89' lang='lat' dir='ltr'>melior,</span> <span class='ocrx_word' id='word_1_77' title='bbox 840 999 1066 1061; x_wconf 88' lang='lat' dir='ltr'>Thybris,</span> <span class='ocrx_word' id='word_1_78' title='bbox 1095 1002 1187 1045; x_wconf 89' lang='lat' dir='ltr'>tibi</span> <span class='ocrx_word' id='word_1_79' title='bbox 1213 1002 1386 1062; x_wconf 90' lang='lat' dir='ltr'>gloria,</span> <span class='ocrx_word' id='word_1_80' title='bbox 1410 1001 1544 1064; x_wconf 89' lang='lat' dir='ltr'>quod</span> 
     </span>
     <span class='ocr_line' id='line_1_13' title="bbox 346 1064 1707 1131; baseline 0.002 -19"><span class='ocrx_word' id='word_1_81' title='bbox 346 1064 450 1131; x_wconf 73' lang='lat' dir='ltr'>tul]</span> <span class='ocrx_word' id='word_1_82' title='bbox 1579 1069 1707 1117; x_wconf 76' lang='lat' dir='ltr'>379A</span> 
     </span>
    </p>

    <p class='ocr_par' dir='ltr' id='par_1_3' title="bbox 212 1134 1707 1197">
     <span class='ocr_line' id='line_1_14' title="bbox 212 1134 1707 1197; baseline 0.003 -18"><span class='ocrx_word' id='word_1_83' title='bbox 212 1138 407 1196; x_wconf 83' lang='lat' dir='ltr'>imperii</span> <span class='ocrx_word' id='word_1_84' title='bbox 432 1134 605 1180; x_wconf 88' lang='lat' dir='ltr'>sedem</span> <span class='ocrx_word' id='word_1_85' title='bbox 634 1134 919 1197; x_wconf 87' lang='lat' dir='ltr'>Romaeque</span> <span class='ocrx_word' id='word_1_86' title='bbox 943 1140 1087 1180; x_wconf 88' lang='lat' dir='ltr'>tuere</span> <span class='ocrx_word' id='word_1_87' title='bbox 1113 1134 1361 1196; x_wconf 75' lang='lat' dir='ltr'>penates.2</span> <span class='ocrx_word' id='word_1_88' title='bbox 1611 1138 1707 1183; x_wconf 76' lang='lat'>380</span> 
     </span>
    </p>

    <p class='ocr_par' dir='ltr' id='par_1_4' title="bbox 210 1197 1705 1737">
     <span class='ocr_line' id='line_1_15' title="bbox 279 1197 1704 1265; baseline 0.001 -17"><span class='ocrx_word' id='word_1_89' title='bbox 279 1202 440 1258; x_wconf 85' lang='lat' dir='ltr'>Salve,</span> <span class='ocrx_word' id='word_1_90' title='bbox 456 1219 638 1263; x_wconf 85' lang='lat' dir='ltr'>magne</span> <span class='ocrx_word' id='word_1_91' title='bbox 658 1219 837 1264; x_wconf 84' lang='lat' dir='ltr'>parens</span> <span class='ocrx_word' id='word_1_92' title='bbox 856 1197 1159 1264; x_wconf 83' lang='lat' dir='ltr'>frugumque</span> <span class='ocrx_word' id='word_1_93' title='bbox 1179 1206 1454 1265; x_wconf 88' lang='lat' dir='ltr'>virumque,</span> <span class='ocrx_word' id='word_1_94' title='bbox 1475 1204 1704 1250; x_wconf 81' lang='lat' dir='ltr'>Mosella!</span> 
     </span>
     <span class='ocr_line' id='line_1_16' title="bbox 212 1269 1360 1331; baseline 0 -15"><span class='ocrx_word' id='word_1_95' title='bbox 212 1276 265 1316; x_wconf 89' lang='lat' dir='ltr'>te</span> <span class='ocrx_word' id='word_1_96' title='bbox 291 1270 409 1315; x_wconf 89' lang='lat' dir='ltr'>clari</span> <span class='ocrx_word' id='word_1_97' title='bbox 433 1286 680 1331; x_wconf 80' lang='lat' dir='ltr'>proceres,</span> <span class='ocrx_word' id='word_1_98' title='bbox 706 1277 759 1315; x_wconf 92' lang='lat' dir='ltr'>te</span> <span class='ocrx_word' id='word_1_99' title='bbox 784 1269 918 1315; x_wconf 82' lang='lat' dir='ltr'>bello</span> <span class='ocrx_word' id='word_1_100' title='bbox 944 1273 1163 1315; x_wconf 89' lang='lat' dir='ltr'>exercita</span> <span class='ocrx_word' id='word_1_101' title='bbox 1187 1271 1360 1331; x_wconf 81' lang='lat' dir='ltr'>pubes,</span> 
     </span>
     <span class='ocr_line' id='line_1_17' title="bbox 211 1336 1413 1398; baseline 0 -15"><span class='ocrx_word' id='word_1_102' title='bbox 211 1337 407 1384; x_wconf 88' lang='lat' dir='ltr'>aemula</span> <span class='ocrx_word' id='word_1_103' title='bbox 430 1344 483 1383; x_wconf 91' lang='lat' dir='ltr'>te</span> <span class='ocrx_word' id='word_1_104' title='bbox 511 1337 685 1383; x_wconf 83' lang='lat' dir='ltr'>Latiae</span> <span class='ocrx_word' id='word_1_105' title='bbox 710 1337 914 1382; x_wconf 87' lang='lat' dir='ltr'>decorat</span> <span class='ocrx_word' id='word_1_106' title='bbox 940 1336 1174 1382; x_wconf 86' lang='lat' dir='ltr'>facundia</span> <span class='ocrx_word' id='word_1_107' title='bbox 1199 1337 1413 1398; x_wconf 83' lang='lat' dir='ltr'>linguae.</span> 
     </span>
     <span class='ocr_line' id='line_1_18' title="bbox 211 1403 1382 1467; baseline 0 -17"><span class='ocrx_word' id='word_1_108' title='bbox 211 1409 333 1467; x_wconf 87' lang='lat' dir='ltr'>quin</span> <span class='ocrx_word' id='word_1_109' title='bbox 356 1408 509 1452; x_wconf 86' lang='lat' dir='ltr'>etiam</span> <span class='ocrx_word' id='word_1_110' title='bbox 535 1420 696 1450; x_wconf 90' lang='lat' dir='ltr'>mores</span> <span class='ocrx_word' id='word_1_111' title='bbox 723 1411 775 1450; x_wconf 89' lang='lat' dir='ltr'>et</span> <span class='ocrx_word' id='word_1_112' title='bbox 799 1404 988 1449; x_wconf 88' lang='lat' dir='ltr'>laetum</span> <span class='ocrx_word' id='word_1_113' title='bbox 1014 1403 1180 1450; x_wconf 88' lang='lat' dir='ltr'>fronte</span> <span class='ocrx_word' id='word_1_114' title='bbox 1205 1422 1382 1450; x_wconf 86' lang='lat' dir='ltr'>serena</span> 
     </span>
     <span class='ocr_line' id='line_1_19' title="bbox 210 1472 1705 1534; baseline 0.001 -16"><span class='ocrx_word' id='word_1_115' title='bbox 210 1476 467 1534; x_wconf 85' lang='lat' dir='ltr'>ingenium</span> <span class='ocrx_word' id='word_1_116' title='bbox 495 1478 674 1517; x_wconf 86' lang='lat' dir='ltr'>natura</span> <span class='ocrx_word' id='word_1_117' title='bbox 697 1475 797 1517; x_wconf 88' lang='lat' dir='ltr'>tuis</span> <span class='ocrx_word' id='word_1_118' title='bbox 822 1475 1069 1517; x_wconf 85' lang='lat' dir='ltr'>concessit</span> <span class='ocrx_word' id='word_1_119' title='bbox 1091 1472 1318 1518; x_wconf 85' lang='lat' dir='ltr'>alumnis.</span> <span class='ocrx_word' id='word_1_120' title='bbox 1611 1475 1705 1520; x_wconf 77' lang='lat'>385</span> 
     </span>
     <span class='ocr_line' id='line_1_20' title="bbox 211 1539 1377 1601; baseline 0.001 -16"><span class='ocrx_word' id='word_1_121' title='bbox 211 1557 304 1586; x_wconf 88' lang='lat' dir='ltr'>nec</span> <span class='ocrx_word' id='word_1_122' title='bbox 331 1540 433 1586; x_wconf 89' lang='lat' dir='ltr'>sola</span> <span class='ocrx_word' id='word_1_123' title='bbox 458 1542 690 1601; x_wconf 81' lang='lat' dir='ltr'>antiquos</span> <span class='ocrx_word' id='word_1_124' title='bbox 715 1545 939 1585; x_wconf 84' lang='lat' dir='ltr'>ostentat</span> <span class='ocrx_word' id='word_1_125' title='bbox 965 1539 1120 1584; x_wconf 79' lang='lat' dir='ltr'>Roma</span> <span class='ocrx_word' id='word_1_126' title='bbox 1146 1540 1377 1597; x_wconf 83' lang='lat' dir='ltr'>Catones,</span> 
     </span>
     <span class='ocr_line' id='line_1_21' title="bbox 210 1610 1340 1669; baseline -0.002 -15"><span class='ocrx_word' id='word_1_127' title='bbox 210 1614 297 1654; x_wconf 89' lang='lat' dir='ltr'>aut</span> <span class='ocrx_word' id='word_1_128' title='bbox 321 1624 449 1653; x_wconf 86' lang='lat' dir='ltr'>unus</span> <span class='ocrx_word' id='word_1_129' title='bbox 472 1614 672 1652; x_wconf 86' lang='lat' dir='ltr'>tantum</span> <span class='ocrx_word' id='word_1_130' title='bbox 697 1610 815 1652; x_wconf 90' lang='lat' dir='ltr'>iusti</span> <span class='ocrx_word' id='word_1_131' title='bbox 840 1613 1094 1668; x_wconf 83' lang='lat' dir='ltr'>spectator</span> <span class='ocrx_word' id='word_1_132' title='bbox 1118 1613 1170 1652; x_wconf 89' lang='lat' dir='ltr'>et</span> <span class='ocrx_word' id='word_1_133' title='bbox 1194 1611 1340 1669; x_wconf 87' lang='lat' dir='ltr'>aequi</span> 
     </span>
     <span class='ocr_line' id='line_1_22' title="bbox 210 1674 1495 1737; baseline 0.001 -17"><span class='ocrx_word' id='word_1_134' title='bbox 210 1675 369 1737; x_wconf 89' lang='lat' dir='ltr'>pollet</span> <span class='ocrx_word' id='word_1_135' title='bbox 395 1675 642 1720; x_wconf 85' lang='lat' dir='ltr'>Aristides</span> <span class='ocrx_word' id='word_1_136' title='bbox 668 1681 965 1736; x_wconf 83' lang='lat' dir='ltr'>veteresque</span> <span class='ocrx_word' id='word_1_137' title='bbox 992 1674 1227 1720; x_wconf 88' lang='lat' dir='ltr'>inlustrat</span> <span class='ocrx_word' id='word_1_138' title='bbox 1253 1675 1495 1721; x_wconf 84' lang='lat' dir='ltr'>Athenas.</span> 
     </span>
    </p>

    <p class='ocr_par' dir='ltr' id='par_1_5' title="bbox 208 1742 1706 2133">
     <span class='ocr_line' id='line_1_23' title="bbox 278 1742 1616 1804; baseline 0.001 -17"><span class='ocrx_word' id='word_1_139' title='bbox 278 1744 465 1789; x_wconf 88' lang='lat' dir='ltr'>Verum</span> <span class='ocrx_word' id='word_1_140' title='bbox 491 1758 585 1803; x_wconf 90' lang='lat' dir='ltr'>ego</span> <span class='ocrx_word' id='word_1_141' title='bbox 612 1742 731 1804; x_wconf 88' lang='lat' dir='ltr'>quid</span> <span class='ocrx_word' id='word_1_142' title='bbox 757 1742 879 1787; x_wconf 86' lang='lat' dir='ltr'>laxis</span> <span class='ocrx_word' id='word_1_143' title='bbox 905 1745 1114 1787; x_wconf 85' lang='lat' dir='ltr'>nimium</span> <span class='ocrx_word' id='word_1_144' title='bbox 1140 1746 1382 1803; x_wconf 83' lang='lat' dir='ltr'>spatiatus</span> <span class='ocrx_word' id='word_1_145' title='bbox 1409 1743 1616 1789; x_wconf 78' lang='lat' dir='ltr'>habenis</span> 
     </span>
     <span class='ocr_line' id='line_1_24' title="bbox 210 1808 1706 1870; baseline 0 -14"><span class='ocrx_word' id='word_1_146' title='bbox 210 1814 370 1856; x_wconf 86' lang='lat' dir='ltr'>victus</span> <span class='ocrx_word' id='word_1_147' title='bbox 395 1826 561 1855; x_wconf 88' lang='lat' dir='ltr'>amore</span> <span class='ocrx_word' id='word_1_148' title='bbox 586 1813 659 1855; x_wconf 91' lang='lat' dir='ltr'>tui</span> <span class='ocrx_word' id='word_1_149' title='bbox 687 1812 951 1870; x_wconf 88' lang='lat' dir='ltr'>praeconia</span> <span class='ocrx_word' id='word_1_150' title='bbox 975 1809 1186 1855; x_wconf 87' lang='lat' dir='ltr'>detero?</span> <span class='ocrx_word' id='word_1_151' title='bbox 1259 1811 1436 1867; x_wconf 89' lang='lat' dir='ltr'>conde,</span> <span class='ocrx_word' id='word_1_152' title='bbox 1571 1808 1577 1811; x_wconf 55' lang='grc'><strong>’</strong></span> <span class='ocrx_word' id='word_1_153' title='bbox 1611 1812 1706 1856; x_wconf 69' lang='grc'>390</span> 
     </span>
     <span class='ocr_line' id='line_1_25' title="bbox 214 1877 1445 1938; baseline -0.001 -14"><span class='ocrx_word' id='word_1_154' title='bbox 214 1879 370 1934; x_wconf 78' lang='lat' dir='ltr'>Musa,</span> <span class='ocrx_word' id='word_1_155' title='bbox 397 1877 597 1938; x_wconf 90' lang='lat' dir='ltr'>chelyn,</span> <span class='ocrx_word' id='word_1_156' title='bbox 622 1877 777 1938; x_wconf 89' lang='lat' dir='ltr'>pulsis</span> <span class='ocrx_word' id='word_1_157' title='bbox 803 1883 1030 1922; x_wconf 83' lang='lat' dir='ltr'>extremo</span> <span class='ocrx_word' id='word_1_158' title='bbox 1056 1880 1275 1922; x_wconf 85' lang='lat' dir='ltr'>carmine</span> <span class='ocrx_word' id='word_1_159' title='bbox 1301 1881 1445 1923; x_wconf 86' lang='lat' dir='ltr'>netis.</span> 
     </span>
     <span class='ocr_line' id='line_1_26' title="bbox 210 1944 1347 2006; baseline -0.002 -15"><span class='ocrx_word' id='word_1_160' title='bbox 210 1953 409 2006; x_wconf 86' lang='lat' dir='ltr'>tempus</span> <span class='ocrx_word' id='word_1_161' title='bbox 435 1948 546 2000; x_wconf 86' lang='lat' dir='ltr'>erit,</span> <span class='ocrx_word' id='word_1_162' title='bbox 573 1961 685 1989; x_wconf 89' lang='lat' dir='ltr'>cum</span> <span class='ocrx_word' id='word_1_163' title='bbox 711 1960 791 1989; x_wconf 90' lang='lat' dir='ltr'>me</span> <span class='ocrx_word' id='word_1_164' title='bbox 818 1944 995 1989; x_wconf 89' lang='lat' dir='ltr'>studiis</span> <span class='ocrx_word' id='word_1_165' title='bbox 1019 1944 1253 2004; x_wconf 86' lang='lat' dir='ltr'>ignobilis</span> <span class='ocrx_word' id='word_1_166' title='bbox 1278 1948 1347 1990; x_wconf 89' lang='lat' dir='ltr'>oti</span> 
     </span>
     <span class='ocr_line' id='line_1_27' title="bbox 208 2011 1411 2072; baseline -0.001 -14"><span class='ocrx_word' id='word_1_167' title='bbox 208 2013 517 2058; x_wconf 86' lang='lat' dir='ltr'>mulcentem</span> <span class='ocrx_word' id='word_1_168' title='bbox 542 2028 682 2056; x_wconf 89' lang='lat' dir='ltr'>curas</span> <span class='ocrx_word' id='word_1_169' title='bbox 714 2014 939 2072; x_wconf 87' lang='lat' dir='ltr'>seniique</span> <span class='ocrx_word' id='word_1_170' title='bbox 965 2015 1130 2072; x_wconf 84' lang='lat' dir='ltr'>aprica</span> <span class='ocrx_word' id='word_1_171' title='bbox 1156 2011 1411 2057; x_wconf 89' lang='lat' dir='ltr'>foventem</span> 
     </span>
     <span class='ocr_line' id='line_1_28' title="bbox 208 2078 1528 2133; baseline -0.001 -7"><span class='ocrx_word' id='word_1_172' title='bbox 208 2084 447 2126; x_wconf 86' lang='lat' dir='ltr'>materiae</span> <span class='ocrx_word' id='word_1_173' title='bbox 475 2079 797 2125; x_wconf 86' lang='lat' dir='ltr'>commendet</span> <span class='ocrx_word' id='word_1_174' title='bbox 822 2078 1010 2133; x_wconf 84' lang='lat' dir='ltr'>honos3</span> <span class='ocrx_word' id='word_1_175' title='bbox 1048 2095 1160 2124; x_wconf 88' lang='lat' dir='ltr'>cum</span> <span class='ocrx_word' id='word_1_176' title='bbox 1187 2078 1317 2125; x_wconf 81' lang='lat' dir='ltr'>facta</span> <span class='ocrx_word' id='word_1_177' title='bbox 1344 2083 1528 2126; x_wconf 84' lang='lat' dir='ltr'>viritim</span> 
     </span>
    </p>
   </div>
   <div class='ocr_carea' id='block_1_3' title="bbox 207 2217 1707 2380">
    <p class='ocr_par' dir='ltr' id='par_1_6' title="bbox 207 2217 1707 2380">
     <span class='ocr_line' id='line_1_29' title="bbox 263 2217 759 2270; baseline -0.006 -11"><span class='ocrx_word' id='word_1_178' title='bbox 263 2219 278 2245; x_wconf 79' lang='lat'>1</span> <span class='ocrx_word' id='word_1_179' title='bbox 309 2218 459 2270; x_wconf 81' lang='lat' dir='ltr'>Suppl.</span> <span class='ocrx_word' id='word_1_180' title='bbox 494 2217 759 2257; x_wconf 61' lang='lat' dir='ltr'>Translator.</span> 
     </span>
     <span class='ocr_line' id='line_1_30' title="bbox 259 2272 1707 2323; baseline 0 -11"><span class='ocrx_word' id='word_1_181' title='bbox 259 2273 275 2297; x_wconf 83' lang='lat'><strong>2</strong></span> <span class='ocrx_word' id='word_1_182' title='bbox 308 2273 563 2312; x_wconf 49' lang='lat' dir='ltr'>Trans-lator</span> <span class='ocrx_word' id='word_1_183' title='bbox 580 2288 587 2311; x_wconf 92' lang='lat'><strong>:</strong></span> <span class='ocrx_word' id='word_1_184' title='bbox 609 2272 857 2323; x_wconf 79' lang='lat' dir='ltr'>Romaeque</span> <span class='ocrx_word' id='word_1_185' title='bbox 872 2275 995 2310; x_wconf 74' lang='lat' dir='ltr'>tuere</span> <span class='ocrx_word' id='word_1_186' title='bbox 1012 2276 1227 2322; x_wconf 75' lang='lat' dir='ltr'>parentes,</span> <span class='ocrx_word' id='word_1_187' title='bbox 1250 2272 1306 2310; x_wconf 81' lang='lat' dir='ltr'>P3</span> <span class='ocrx_word' id='word_1_188' title='bbox 1325 2289 1332 2311; x_wconf 77' lang='lat' dir='ltr'><strong><em>z</em></strong></span> <span class='ocrx_word' id='word_1_189' title='bbox 1351 2272 1512 2311; x_wconf 75' lang='lat' dir='ltr'>Romae</span> <span class='ocrx_word' id='word_1_190' title='bbox 1530 2276 1707 2312; x_wconf 77' lang='lat' dir='ltr'>tenuere</span> 
     </span>
     <span class='ocr_line' id='line_1_31' title="bbox 207 2325 1097 2380; baseline -0.001 -13"><span class='ocrx_word' id='word_1_191' title='bbox 207 2331 426 2380; x_wconf 80' lang='lat' dir='ltr'>parentes,</span> <span class='ocrx_word' id='word_1_192' title='bbox 457 2326 613 2376; x_wconf 73' lang='lat' dir='ltr'>Peiper</span> <span class='ocrx_word' id='word_1_193' title='bbox 635 2326 761 2374; x_wconf 74' lang='lat' dir='ltr'>(with</span> <span class='ocrx_word' id='word_1_194' title='bbox 783 2326 910 2364; x_wconf 81' lang='lat' dir='ltr'>other</span> <span class='ocrx_word' id='word_1_195' title='bbox 932 2325 1097 2373; x_wconf 55' lang='lat' dir='ltr'>MSS).</span> 
     </span>
    </p>
   </div>
   <div class='ocr_carea' id='block_1_4' title="bbox 213 2420 1700 2431">
    <p class='ocr_par' dir='ltr' id='par_1_7' title="bbox 213 2420 1700 2431">
     <span class='ocr_line' id='line_1_32' title="bbox 213 2420 1700 2431; baseline 0 0"><span class='ocrx_word' id='word_1_196' title='bbox 213 2420 1700 2431; x_wconf 95' lang='lat' dir='ltr'> </span> 
     </span>
    </p>
   </div>
   <div class='ocr_carea' id='block_1_5' title="bbox 206 2475 1709 2629">
    <p class='ocr_par' dir='ltr' id='par_1_8' title="bbox 206 2475 1709 2629">
     <span class='ocr_line' id='line_1_33' title="bbox 260 2475 1709 2523; baseline -0.001 -5"><span class='ocrx_word' id='word_1_197' title='bbox 260 2480 273 2504; x_wconf 78' lang='lat'>1</span> <span class='ocrx_word' id='word_1_198' title='bbox 305 2479 397 2518; x_wconf 81' lang='lat' dir='ltr'>The</span> <span class='ocrx_word' id='word_1_199' title='bbox 426 2478 645 2517; x_wconf 80' lang='lat' dir='ltr'>reference</span> <span class='ocrx_word' id='word_1_200' title='bbox 676 2481 836 2514; x_wconf 75' lang='lat' dir='ltr'>cannot</span> <span class='ocrx_word' id='word_1_201' title='bbox 865 2475 918 2514; x_wconf 91' lang='lat' dir='ltr'>be</span> <span class='ocrx_word' id='word_1_202' title='bbox 949 2480 995 2514; x_wconf 83' lang='lat' dir='ltr'>to</span> <span class='ocrx_word' id='word_1_203' title='bbox 1026 2475 1199 2523; x_wconf 54' lang='lat' dir='ltr'>Treves,</span> <span class='ocrx_word' id='word_1_204' title='bbox 1224 2477 1366 2515; x_wconf 84' lang='lat' dir='ltr'>which</span> <span class='ocrx_word' id='word_1_205' title='bbox 1399 2478 1476 2516; x_wconf 87' lang='lat' dir='ltr'>lies</span> <span class='ocrx_word' id='word_1_206' title='bbox 1507 2491 1623 2516; x_wconf 87' lang='lat' dir='ltr'>some</span> <span class='ocrx_word' id='word_1_207' title='bbox 1643 2479 1709 2518; x_wconf 81' lang='lat' dir='ltr'>six</span> 
     </span>
     <span class='ocr_line' id='line_1_34' title="bbox 207 2529 1708 2584; baseline -0.004 -10"><span class='ocrx_word' id='word_1_208' title='bbox 207 2535 328 2574; x_wconf 85' lang='lat' dir='ltr'>miles</span> <span class='ocrx_word' id='word_1_209' title='bbox 363 2533 472 2572; x_wconf 86' lang='lat' dir='ltr'>from</span> <span class='ocrx_word' id='word_1_210' title='bbox 505 2532 581 2570; x_wconf 81' lang='lat' dir='ltr'>the</span> <span class='ocrx_word' id='word_1_211' title='bbox 615 2530 769 2569; x_wconf 86' lang='lat' dir='ltr'>mouth</span> <span class='ocrx_word' id='word_1_212' title='bbox 805 2530 850 2568; x_wconf 82' lang='lat' dir='ltr'>of</span> <span class='ocrx_word' id='word_1_213' title='bbox 884 2530 960 2568; x_wconf 87' lang='lat' dir='ltr'>the</span> <span class='ocrx_word' id='word_1_214' title='bbox 991 2529 1124 2569; x_wconf 64' lang='lat' dir='ltr'>Saar:</span> <span class='ocrx_word' id='word_1_215' title='bbox 1168 2531 1382 2583; x_wconf 70' lang='lat' dir='ltr'>probably</span> <span class='ocrx_word' id='word_1_216' title='bbox 1416 2545 1470 2571; x_wconf 85' lang='lat' dir='ltr'>an</span> <span class='ocrx_word' id='word_1_217' title='bbox 1510 2533 1708 2584; x_wconf 79' lang='lat' dir='ltr'>imperial</span> 
     </span>
     <span class='ocr_line' id='line_1_35' title="bbox 206 2583 1354 2629; baseline -0.003 0"><span class='ocrx_word' id='word_1_218' title='bbox 206 2587 429 2629; x_wconf 79' lang='lat' dir='ltr'>residenee</span> <span class='ocrx_word' id='word_1_219' title='bbox 450 2584 645 2626; x_wconf 80' lang='lat' dir='ltr'>situated</span> <span class='ocrx_word' id='word_1_220' title='bbox 666 2589 713 2624; x_wconf 81' lang='lat' dir='ltr'>at</span> <span class='ocrx_word' id='word_1_221' title='bbox 734 2583 1037 2625; x_wconf 66' lang='lat' dir='ltr'>saarbrucken</span> <span class='ocrx_word' id='word_1_222' title='bbox 1058 2585 1094 2624; x_wconf 85' lang='lat' dir='ltr'>is</span> <span class='ocrx_word' id='word_1_223' title='bbox 1117 2584 1354 2626; x_wconf 75' lang='lat' dir='ltr'>indicated.</span> 
     </span>
    </p>
   </div>
   <div class='ocr_carea' id='block_1_6' title="bbox 212 2680 306 2728">
    <p class='ocr_par' dir='ltr' id='par_1_9' title="bbox 212 2680 306 2728">
     <span class='ocr_line' id='line_1_36' title="bbox 212 2680 306 2728; baseline -0.043 0"><span class='ocrx_word' id='word_1_224' title='bbox 212 2680 306 2728; x_wconf 76' lang='lat'>254</span> 
     </span>
    </p>
   </div>
  </div>
 </body>
</html>
