<?xml version="1.0" encoding="UTF-8"?>
<!DOCTYPE html PUBLIC "-//W3C//DTD XHTML 1.0 Transitional//EN"
    "http://www.w3.org/TR/xhtml1/DTD/xhtml1-transitional.dtd">
<html xmlns="http://www.w3.org/1999/xhtml" xml:lang="en" lang="en">
 <head>
  <title>
</title>
<meta http-equiv="Content-Type" content="text/html;charset=utf-8" />
  <meta name='ocr-system' content='tesseract 3.04.00' />
  <meta name='ocr-capabilities' content='ocr_page ocr_carea ocr_par ocr_line ocrx_word'/>
</head>
<body>
  <div class='ocr_page' id='page_1' title='image "ausonius00auso_0258.png"; bbox 0 0 1871 3046; ppageno 0'>
   <div class='ocr_carea' id='block_1_1' title="bbox 770 211 1127 258">
    <p class='ocr_par' dir='ltr' id='par_1_1' title="bbox 770 211 1127 258">
     <span class='ocr_line' id='line_1_1' title="bbox 770 211 1127 258; baseline 0.006 -2"><span class='ocrx_word' id='word_1_1' title='bbox 770 211 1127 258; x_wconf 82' lang='lat' dir='ltr'>AUSONIUS</span> 
     </span>
    </p>
   </div>
   <div class='ocr_carea' id='block_1_2' title="bbox 189 343 1706 1174">
    <p class='ocr_par' dir='ltr' id='par_1_2' title="bbox 189 343 1418 408">
     <span class='ocr_line' id='line_1_2' title="bbox 189 343 1418 408; baseline -0.001 -18"><span class='ocrx_word' id='word_1_2' title='bbox 189 344 582 408; x_wconf 83' lang='lat' dir='ltr'>languificosque</span> <span class='ocrx_word' id='word_1_3' title='bbox 610 345 713 390; x_wconf 88' lang='lat' dir='ltr'>Leo</span> <span class='ocrx_word' id='word_1_4' title='bbox 739 344 917 406; x_wconf 71' lang='lat' dir='ltr'>proflat</span> <span class='ocrx_word' id='word_1_5' title='bbox 942 343 1078 389; x_wconf 82' lang='lat' dir='ltr'>ferus</span> <span class='ocrx_word' id='word_1_6' title='bbox 1104 360 1189 389; x_wconf 87' lang='lat' dir='ltr'>ore</span> <span class='ocrx_word' id='word_1_7' title='bbox 1216 344 1418 390; x_wconf 87' lang='lat' dir='ltr'>calores.</span> 
     </span>
    </p>

    <p class='ocr_par' dir='ltr' id='par_1_3' title="bbox 190 421 1590 563">
     <span class='ocr_line' id='line_1_3' title="bbox 191 421 1590 486; baseline -0.001 -17"><span class='ocrx_word' id='word_1_8' title='bbox 191 430 305 486; x_wconf 75' lang='lat' dir='ltr'>post</span> <span class='ocrx_word' id='word_1_9' title='bbox 329 423 553 469; x_wconf 88' lang='lat' dir='ltr'>modium</span> <span class='ocrx_word' id='word_1_10' title='bbox 580 427 812 486; x_wconf 78' lang='lat' dir='ltr'>quatiens</span> <span class='ocrx_word' id='word_1_11' title='bbox 842 423 994 483; x_wconf 82' lang='lat' dir='ltr'>Virgo</span> <span class='ocrx_word' id='word_1_12' title='bbox 1020 421 1164 483; x_wconf 81' lang='lat' dir='ltr'>fugat</span> <span class='ocrx_word' id='word_1_13' title='bbox 1189 429 1297 468; x_wconf 73' lang='lat' dir='ltr'>orta</span> <span class='ocrx_word' id='word_1_14' title='bbox 1323 438 1559 483; x_wconf 83' lang='lat' dir='ltr'>vaporem</span> <span class='ocrx_word' id='word_1_15' title='bbox 1581 439 1590 467; x_wconf 76' lang='lat' dir='ltr'><em>z</em></span> 
     </span>
     <span class='ocr_line' id='line_1_4' title="bbox 190 499 1349 563; baseline -0.002 -17"><span class='ocrx_word' id='word_1_16' title='bbox 190 505 421 548; x_wconf 77' lang='lat' dir='ltr'>autumni</span> <span class='ocrx_word' id='word_1_17' title='bbox 446 508 638 547; x_wconf 75' lang='lat' dir='ltr'><strong>reserat</strong></span> <span class='ocrx_word' id='word_1_18' title='bbox 662 508 829 563; x_wconf 78' lang='lat' dir='ltr'>portas</span> <span class='ocrx_word' id='word_1_19' title='bbox 858 506 1144 562; x_wconf 80' lang='lat' dir='ltr'>aequatque</span> <span class='ocrx_word' id='word_1_20' title='bbox 1170 499 1349 545; x_wconf 90' lang='lat' dir='ltr'>diurna</span> 
     </span>
    </p>

    <p class='ocr_par' dir='ltr' id='par_1_4' title="bbox 191 578 1353 641">
     <span class='ocr_line' id='line_1_5' title="bbox 191 578 1353 641; baseline -0.002 -15"><span class='ocrx_word' id='word_1_21' title='bbox 191 587 422 641; x_wconf 81' lang='lat' dir='ltr'>tempora</span> <span class='ocrx_word' id='word_1_22' title='bbox 447 582 708 625; x_wconf 79' lang='lat' dir='ltr'>nocturnis</span> <span class='ocrx_word' id='word_1_23' title='bbox 735 578 972 640; x_wconf 86' lang='lat' dir='ltr'>dispenso</span> <span class='ocrx_word' id='word_1_24' title='bbox 998 578 1161 624; x_wconf 79' lang='lat' dir='ltr'><strong>sidere</strong></span> <span class='ocrx_word' id='word_1_25' title='bbox 1190 578 1353 624; x_wconf 86' lang='lat' dir='ltr'>Libra.</span> 
     </span>
    </p>

    <p class='ocr_par' dir='ltr' id='par_1_5' title="bbox 190 656 1705 798">
     <span class='ocr_line' id='line_1_6' title="bbox 191 656 1705 718; baseline -0.001 -14"><span class='ocrx_word' id='word_1_26' title='bbox 191 657 382 704; x_wconf 76' lang='lat' dir='ltr'>ecfetos</span> <span class='ocrx_word' id='word_1_27' title='bbox 400 657 416 686; x_wconf 79' lang='lat'>1</span> <span class='ocrx_word' id='word_1_28' title='bbox 443 674 603 703; x_wconf 87' lang='lat' dir='ltr'>ramos</span> <span class='ocrx_word' id='word_1_29' title='bbox 628 657 856 703; x_wconf 79' lang='lat' dir='ltr'>denudat</span> <span class='ocrx_word' id='word_1_30' title='bbox 881 656 1079 702; x_wconf 87' lang='lat' dir='ltr'>flamma</span> <span class='ocrx_word' id='word_1_31' title='bbox 1106 657 1285 718; x_wconf 81' lang='lat' dir='ltr'>Nepai,</span> <span class='ocrx_word' id='word_1_32' title='bbox 1646 658 1705 703; x_wconf 84' lang='lat'>10</span> 
     </span>
     <span class='ocr_line' id='line_1_7' title="bbox 190 734 1399 798; baseline -0.001 -17"><span class='ocrx_word' id='word_1_33' title='bbox 190 740 331 798; x_wconf 88' lang='lat' dir='ltr'>pigra</span> <span class='ocrx_word' id='word_1_34' title='bbox 358 735 729 797; x_wconf 74' lang='lat' dir='ltr'>Sagittipotens</span> <span class='ocrx_word' id='word_1_35' title='bbox 755 735 1001 781; x_wconf 76' lang='lat' dir='ltr'>iaculatur</span> <span class='ocrx_word' id='word_1_36' title='bbox 1026 734 1211 797; x_wconf 78' lang='lat' dir='ltr'>frigora</span> <span class='ocrx_word' id='word_1_37' title='bbox 1236 738 1399 792; x_wconf 72' lang='lat' dir='ltr'>terris,</span> 
     </span>
    </p>

    <p class='ocr_par' dir='ltr' id='par_1_6' title="bbox 190 814 1504 876">
     <span class='ocr_line' id='line_1_8' title="bbox 190 814 1504 876; baseline -0.002 -16"><span class='ocrx_word' id='word_1_38' title='bbox 190 816 366 860; x_wconf 89' lang='lat' dir='ltr'>bruma</span> <span class='ocrx_word' id='word_1_39' title='bbox 391 814 510 875; x_wconf 93' lang='lat' dir='ltr'>gelu</span> <span class='ocrx_word' id='word_1_40' title='bbox 537 814 758 874; x_wconf 87' lang='lat' dir='ltr'>glacians</span> <span class='ocrx_word' id='word_1_41' title='bbox 784 815 926 860; x_wconf 82' lang='lat' dir='ltr'>iubar</span> <span class='ocrx_word' id='word_1_42' title='bbox 953 818 1175 875; x_wconf 75' lang='lat' dir='ltr'>exspirat</span> <span class='ocrx_word' id='word_1_43' title='bbox 1201 814 1504 876; x_wconf 76' lang='lat' dir='ltr'>Capricorni,</span> 
     </span>
    </p>

    <p class='ocr_par' dir='ltr' id='par_1_7' title="bbox 192 892 1604 1032">
     <span class='ocr_line' id='line_1_9' title="bbox 192 892 1604 956; baseline 0 -19"><span class='ocrx_word' id='word_1_44' title='bbox 192 909 341 954; x_wconf 89' lang='lat' dir='ltr'>quam</span> <span class='ocrx_word' id='word_1_45' title='bbox 369 895 597 954; x_wconf 78' lang='lat' dir='ltr'>sequitur</span> <span class='ocrx_word' id='word_1_46' title='bbox 622 892 833 938; x_wconf 78' lang='lat' dir='ltr'>nebulas</span> <span class='ocrx_word' id='word_1_47' title='bbox 859 909 1030 939; x_wconf 90' lang='lat' dir='ltr'>rorans</span> <span class='ocrx_word' id='word_1_48' title='bbox 1056 892 1218 955; x_wconf 91' lang='lat' dir='ltr'>liquor</span> <span class='ocrx_word' id='word_1_49' title='bbox 1243 892 1374 939; x_wconf 73' lang='lat' dir='ltr'>altus</span> <span class='ocrx_word' id='word_1_50' title='bbox 1402 893 1604 956; x_wconf 80' lang='lat' dir='ltr'>Aquari.</span> 
     </span>
     <span class='ocr_line' id='line_1_10' title="bbox 196 970 1535 1032; baseline 0 -16"><span class='ocrx_word' id='word_1_51' title='bbox 196 976 335 1016; x_wconf 71' lang='lat' dir='ltr'>tanta</span> <span class='ocrx_word' id='word_1_52' title='bbox 361 986 509 1032; x_wconf 89' lang='lat' dir='ltr'>supra</span> <span class='ocrx_word' id='word_1_53' title='bbox 534 973 765 1032; x_wconf 89' lang='lat' dir='ltr'>circaque</span> <span class='ocrx_word' id='word_1_54' title='bbox 792 974 932 1032; x_wconf 79' lang='lat' dir='ltr'>viget</span> <span class='ocrx_word' id='word_1_55' title='bbox 958 974 1028 1016; x_wconf 90' lang='lat' dir='ltr'>vis</span> <span class='ocrx_word' id='word_1_56' title='bbox 1057 971 1284 1017; x_wconf 85' lang='lat' dir='ltr'>flammea</span> <span class='ocrx_word' id='word_1_57' title='bbox 1300 971 1318 1000; x_wconf 77' lang='lat'><strong>2</strong></span> <span class='ocrx_word' id='word_1_58' title='bbox 1344 970 1535 1016; x_wconf 90' lang='lat' dir='ltr'>mundi.</span> 
     </span>
    </p>

    <p class='ocr_par' dir='ltr' id='par_1_8' title="bbox 191 1048 1706 1174">
     <span class='ocr_line' id='line_1_11' title="bbox 191 1048 1706 1111; baseline 0.001 -18"><span class='ocrx_word' id='word_1_59' title='bbox 191 1055 244 1095; x_wconf 77' lang='lat' dir='ltr'>at</span> <span class='ocrx_word' id='word_1_60' title='bbox 270 1048 449 1095; x_wconf 77' lang='lat' dir='ltr'>dextra</span> <span class='ocrx_word' id='word_1_61' title='bbox 473 1048 715 1111; x_wconf 86' lang='lat' dir='ltr'>laevaque</span> <span class='ocrx_word' id='word_1_62' title='bbox 742 1052 844 1095; x_wconf 75' lang='lat' dir='ltr'>ciet</span> <span class='ocrx_word' id='word_1_63' title='bbox 869 1055 978 1094; x_wconf 78' lang='lat' dir='ltr'>rota</span> <span class='ocrx_word' id='word_1_64' title='bbox 1003 1048 1197 1111; x_wconf 87' lang='lat' dir='ltr'>fulgida</span> <span class='ocrx_word' id='word_1_65' title='bbox 1224 1050 1350 1097; x_wconf 89' lang='lat' dir='ltr'>Solis</span> <span class='ocrx_word' id='word_1_66' title='bbox 1648 1050 1706 1094; x_wconf 78' lang='lat'>15</span> 
     </span>
     <span class='ocr_line' id='line_1_12' title="bbox 191 1127 1545 1174; baseline 0.001 -2"><span class='ocrx_word' id='word_1_67' title='bbox 191 1127 377 1173; x_wconf 80' lang='lat' dir='ltr'>mobile</span> <span class='ocrx_word' id='word_1_68' title='bbox 404 1127 707 1173; x_wconf 87' lang='lat' dir='ltr'>curriculum</span> <span class='ocrx_word' id='word_1_69' title='bbox 735 1134 787 1173; x_wconf 72' lang='lat' dir='ltr'>et</span> <span class='ocrx_word' id='word_1_70' title='bbox 813 1127 988 1173; x_wconf 90' lang='lat' dir='ltr'>Lunae</span> <span class='ocrx_word' id='word_1_71' title='bbox 1015 1128 1276 1174; x_wconf 82' lang='lat' dir='ltr'>simulacra</span> <span class='ocrx_word' id='word_1_72' title='bbox 1300 1128 1545 1174; x_wconf 77' lang='lat' dir='ltr'>feruntur.</span> 
     </span>
    </p>
   </div>
   <div class='ocr_carea' id='block_1_3' title="bbox 193 1307 1708 1604">
    <p class='ocr_par' dir='ltr' id='par_1_9' title="bbox 194 1307 1488 1448">
     <span class='ocr_line' id='line_1_13' title="bbox 194 1307 1488 1370; baseline -0.001 -17"><span class='ocrx_word' id='word_1_73' title='bbox 194 1315 397 1370; x_wconf 80' lang='lat' dir='ltr'>squama</span> <span class='ocrx_word' id='word_1_74' title='bbox 425 1307 516 1352; x_wconf 88' lang='lat' dir='ltr'>sub</span> <span class='ocrx_word' id='word_1_75' title='bbox 541 1312 751 1352; x_wconf 78' lang='lat' dir='ltr'>aeterno</span> <span class='ocrx_word' id='word_1_76' title='bbox 779 1314 1054 1368; x_wconf 78' lang='lat' dir='ltr'>conspectu</span> <span class='ocrx_word' id='word_1_77' title='bbox 1081 1314 1214 1353; x_wconf 76' lang='lat' dir='ltr'>torta</span> <span class='ocrx_word' id='word_1_78' title='bbox 1244 1308 1488 1353; x_wconf 83' lang='lat' dir='ltr'>Draconis</span> 
     </span>
     <span class='ocr_line' id='line_1_14' title="bbox 195 1383 1487 1448; baseline 0 -17"><span class='ocrx_word' id='word_1_79' title='bbox 195 1388 400 1431; x_wconf 77' lang='lat' dir='ltr'>eminet.</span> <span class='ocrx_word' id='word_1_80' title='bbox 475 1384 610 1430; x_wconf 91' lang='lat' dir='ltr'>hunc</span> <span class='ocrx_word' id='word_1_81' title='bbox 636 1384 766 1429; x_wconf 89' lang='lat' dir='ltr'>infra</span> <span class='ocrx_word' id='word_1_82' title='bbox 790 1383 1049 1447; x_wconf 77' lang='lat' dir='ltr'>fulgentes</span> <span class='ocrx_word' id='word_1_83' title='bbox 1075 1386 1261 1431; x_wconf 84' lang='lat' dir='ltr'>Arcera</span> <span class='ocrx_word' id='word_1_84' title='bbox 1292 1392 1487 1448; x_wconf 81' lang='lat' dir='ltr'>septem</span> 
     </span>
    </p>

    <p class='ocr_par' dir='ltr' id='par_1_10' title="bbox 193 1463 1708 1604">
     <span class='ocr_line' id='line_1_15' title="bbox 193 1463 1573 1526; baseline -0.001 -17"><span class='ocrx_word' id='word_1_85' title='bbox 193 1480 377 1526; x_wconf 87' lang='lat' dir='ltr'>magna</span> <span class='ocrx_word' id='word_1_86' title='bbox 402 1466 567 1526; x_wconf 70' lang='lat' dir='ltr'>quatit</span> <span class='ocrx_word' id='word_1_87' title='bbox 594 1463 764 1509; x_wconf 78' lang='lat' dir='ltr'>stellas</span> <span class='ocrx_word' id='word_1_88' title='bbox 786 1480 794 1508; x_wconf 91' lang='lat'>:</span> <span class='ocrx_word' id='word_1_89' title='bbox 829 1480 978 1526; x_wconf 87' lang='lat' dir='ltr'>quam</span> <span class='ocrx_word' id='word_1_90' title='bbox 1005 1481 1206 1510; x_wconf 74' lang='lat' dir='ltr'>servans</span> <span class='ocrx_word' id='word_1_91' title='bbox 1233 1481 1370 1511; x_wconf 83' lang='lat' dir='ltr'>serus</span> <span class='ocrx_word' id='word_1_92' title='bbox 1396 1468 1447 1509; x_wconf 91' lang='grc'>111</span> <span class='ocrx_word' id='word_1_93' title='bbox 1473 1464 1573 1510; x_wconf 71' lang='lat' dir='ltr'>alta</span> 
     </span>
     <span class='ocr_line' id='line_1_16' title="bbox 194 1541 1708 1604; baseline 0 -16"><span class='ocrx_word' id='word_1_94' title='bbox 194 1541 429 1588; x_wconf 79' lang='lat' dir='ltr'>conditur</span> <span class='ocrx_word' id='word_1_95' title='bbox 453 1545 627 1587; x_wconf 88' lang='lat' dir='ltr'>oceani</span> <span class='ocrx_word' id='word_1_96' title='bbox 655 1545 761 1604; x_wconf 88' lang='lat' dir='ltr'>ripa</span> <span class='ocrx_word' id='word_1_97' title='bbox 787 1559 899 1587; x_wconf 88' lang='lat' dir='ltr'>cum</span> <span class='ocrx_word' id='word_1_98' title='bbox 926 1542 1038 1588; x_wconf 91' lang='lat' dir='ltr'>luce</span> <span class='ocrx_word' id='word_1_99' title='bbox 1070 1543 1291 1589; x_wconf 75' lang='lat' dir='ltr'>Bootes.3</span> <span class='ocrx_word' id='word_1_100' title='bbox 1647 1544 1708 1588; x_wconf 74' lang='lat'>20</span> 
     </span>
    </p>
   </div>
   <div class='ocr_carea' id='block_1_4' title="bbox 316 1729 1591 1856">
    <p class='ocr_par' dir='ltr' id='par_1_11' title="bbox 316 1729 1591 1856">
     <span class='ocr_line' id='line_1_17' title="bbox 374 1729 1534 1776; baseline 0.001 -1"><span class='ocrx_word' id='word_1_101' title='bbox 374 1729 737 1775; x_wconf 76' lang='lat' dir='ltr'>XXVI.—-H1c</span> <span class='ocrx_word' id='word_1_102' title='bbox 776 1729 968 1775; x_wconf 80' lang='lat' dir='ltr'>VERSUS</span> <span class='ocrx_word' id='word_1_103' title='bbox 1005 1746 1113 1775; x_wconf 75' lang='lat' dir='ltr'>slNE</span> <span class='ocrx_word' id='word_1_104' title='bbox 1152 1730 1396 1776; x_wconf 78' lang='lat' dir='ltr'><strong>AUCTORE</strong></span> <span class='ocrx_word' id='word_1_105' title='bbox 1438 1746 1534 1776; x_wconf 82' lang='lat' dir='ltr'>EST.</span> 
     </span>
     <span class='ocr_line' id='line_1_18' title="bbox 316 1797 1591 1856; baseline 0.002 -13"><span class='ocrx_word' id='word_1_106' title='bbox 316 1797 430 1856; x_wconf 78' lang='lat' dir='ltr'>Quo</span> <span class='ocrx_word' id='word_1_107' title='bbox 469 1797 567 1843; x_wconf 74' lang='lat' dir='ltr'>Dm</span> <span class='ocrx_word' id='word_1_108' title='bbox 606 1811 725 1850; x_wconf 84' lang='lat' dir='ltr'><strong>QUID</strong></span> <span class='ocrx_word' id='word_1_109' title='bbox 765 1797 904 1842; x_wconf 70' lang='lat' dir='ltr'>Dmu</span> <span class='ocrx_word' id='word_1_110' title='bbox 944 1814 1006 1843; x_wconf 84' lang='lat' dir='ltr'>DE</span> <span class='ocrx_word' id='word_1_111' title='bbox 1044 1798 1279 1844; x_wconf 80' lang='lat' dir='ltr'>CORPORE</span> <span class='ocrx_word' id='word_1_112' title='bbox 1317 1800 1591 1846; x_wconf 74' lang='lat' dir='ltr'>OPORTEAT</span> 
     </span>
    </p>
   </div>
   <div class='ocr_carea' id='block_1_5' title="bbox 198 1915 1548 1978">
    <p class='ocr_par' dir='ltr' id='par_1_12' title="bbox 198 1915 1548 1978">
     <span class='ocr_line' id='line_1_19' title="bbox 198 1915 1548 1978; baseline -0.001 -16"><span class='ocrx_word' id='word_1_113' title='bbox 198 1915 408 1962; x_wconf 74' lang='lat' dir='ltr'><strong>UNGUES</strong></span> <span class='ocrx_word' id='word_1_114' title='bbox 436 1915 705 1972; x_wconf 78' lang='lat' dir='ltr'>Mercurio,</span> <span class='ocrx_word' id='word_1_115' title='bbox 732 1915 936 1961; x_wconf 88' lang='lat' dir='ltr'>barbam</span> <span class='ocrx_word' id='word_1_116' title='bbox 968 1915 1100 1972; x_wconf 79' lang='lat' dir='ltr'>Iove,</span> <span class='ocrx_word' id='word_1_117' title='bbox 1128 1915 1346 1978; x_wconf 74' lang='lat' dir='ltr'>Cypride</span> <span class='ocrx_word' id='word_1_118' title='bbox 1374 1919 1548 1962; x_wconf 86' lang='lat' dir='ltr'>crines.</span> 
     </span>
    </p>
   </div>
   <div class='ocr_carea' id='block_1_6' title="bbox 638 2060 1269 2106">
    <p class='ocr_par' dir='ltr' id='par_1_13' title="bbox 638 2060 1269 2106">
     <span class='ocr_line' id='line_1_20' title="bbox 638 2060 1269 2106; baseline 0.003 -2"><span class='ocrx_word' id='word_1_119' title='bbox 638 2060 753 2104; x_wconf 88' lang='lat' dir='ltr'>Hoc</span> <span class='ocrx_word' id='word_1_120' title='bbox 791 2076 859 2105; x_wconf 75' lang='lat' dir='ltr'>Sic</span> <span class='ocrx_word' id='word_1_121' title='bbox 901 2060 1269 2106; x_wconf 72' lang='lat' dir='ltr'>REFELLENDUM</span> 
     </span>
    </p>
   </div>
   <div class='ocr_carea' id='block_1_7' title="bbox 199 2160 1525 2301">
    <p class='ocr_par' dir='ltr' id='par_1_14' title="bbox 199 2160 1525 2301">
     <span class='ocr_line' id='line_1_21' title="bbox 199 2160 1525 2223; baseline 0.002 -18"><span class='ocrx_word' id='word_1_122' title='bbox 199 2161 502 2206; x_wconf 70' lang='lat' dir='ltr'>Mnacumus</span> <span class='ocrx_word' id='word_1_123' title='bbox 527 2160 674 2206; x_wconf 81' lang='lat' dir='ltr'>furtis</span> <span class='ocrx_word' id='word_1_124' title='bbox 700 2160 880 2222; x_wconf 76' lang='lat' dir='ltr'>probat</span> <span class='ocrx_word' id='word_1_125' title='bbox 906 2177 1101 2222; x_wconf 88' lang='lat' dir='ltr'>ungues</span> <span class='ocrx_word' id='word_1_126' title='bbox 1128 2177 1327 2223; x_wconf 86' lang='lat' dir='ltr'>semper</span> <span class='ocrx_word' id='word_1_127' title='bbox 1352 2169 1525 2208; x_wconf 72' lang='lat' dir='ltr'>acutos</span> 
     </span>
     <span class='ocr_line' id='line_1_22' title="bbox 266 2239 1317 2301; baseline 0.001 -17"><span class='ocrx_word' id='word_1_128' title='bbox 266 2239 592 2301; x_wconf 76' lang='lat' dir='ltr'>articulisque</span> <span class='ocrx_word' id='word_1_129' title='bbox 618 2242 778 2285; x_wconf 84' lang='lat' dir='ltr'>aciem</span> <span class='ocrx_word' id='word_1_130' title='bbox 804 2255 904 2284; x_wconf 90' lang='lat' dir='ltr'>non</span> <span class='ocrx_word' id='word_1_131' title='bbox 932 2243 1051 2285; x_wconf 71' lang='lat' dir='ltr'>sinit</span> <span class='ocrx_word' id='word_1_132' title='bbox 1076 2243 1317 2286; x_wconf 86' lang='lat' dir='ltr'>imminui.</span> 
     </span>
    </p>
   </div>
   <div class='ocr_carea' id='block_1_8' title="bbox 200 2337 1706 2497">
    <p class='ocr_par' dir='ltr' id='par_1_15' title="bbox 200 2337 1706 2497">
     <span class='ocr_line' id='line_1_23' title="bbox 254 2337 751 2384; baseline 0 -8"><span class='ocrx_word' id='word_1_133' title='bbox 254 2337 265 2360; x_wconf 73' lang='lat'>¹</span> <span class='ocrx_word' id='word_1_134' title='bbox 301 2337 445 2377; x_wconf 73' lang='lat' dir='ltr'>Riese:</span> <span class='ocrx_word' id='word_1_135' title='bbox 479 2341 523 2376; x_wconf 73' lang='lat' dir='ltr'>et</span> <span class='ocrx_word' id='word_1_136' title='bbox 546 2337 675 2384; x_wconf 69' lang='lat' dir='ltr'>fetos,</span> <span class='ocrx_word' id='word_1_137' title='bbox 709 2337 751 2376; x_wconf 83' lang='lat' dir='ltr'>V.</span> 
     </span>
     <span class='ocr_line' id='line_1_24' title="bbox 252 2391 1706 2445; baseline 0 -14"><span class='ocrx_word' id='word_1_138' title='bbox 252 2392 268 2415; x_wconf 65' lang='lat'>2&#39;</span> <span class='ocrx_word' id='word_1_139' title='bbox 303 2392 590 2432; x_wconf 66' lang='lat' dir='ltr'>Translator:</span> <span class='ocrx_word' id='word_1_140' title='bbox 629 2392 781 2444; x_wconf 67' lang='lat' dir='ltr'>vigent)</span> <span class='ocrx_word' id='word_1_141' title='bbox 812 2393 901 2430; x_wconf 89' lang='lat' dir='ltr'>umi</span> <span class='ocrx_word' id='word_1_142' title='bbox 933 2391 1122 2440; x_wconf 83' lang='lat' dir='ltr'>flamina,</span> <span class='ocrx_word' id='word_1_143' title='bbox 1167 2393 1225 2433; x_wconf 77' lang='lat' dir='ltr'>V:</span> <span class='ocrx_word' id='word_1_144' title='bbox 1260 2394 1407 2445; x_wconf 77' lang='lat' dir='ltr'>vigent</span> <span class='ocrx_word' id='word_1_145' title='bbox 1441 2394 1482 2431; x_wconf 74' lang='lat' dir='ltr'>vi</span> <span class='ocrx_word' id='word_1_146' title='bbox 1516 2392 1706 2441; x_wconf 76' lang='lat' dir='ltr'>flamina,</span> 
     </span>
     <span class='ocr_line' id='line_1_25' title="bbox 200 2445 1134 2497; baseline 0.002 -12"><span class='ocrx_word' id='word_1_147' title='bbox 200 2447 359 2497; x_wconf 65' lang='lat' dir='ltr'>I&#39;eiper</span> <span class='ocrx_word' id='word_1_148' title='bbox 381 2446 515 2495; x_wconf 73' lang='lat' dir='ltr'>(after</span> <span class='ocrx_word' id='word_1_149' title='bbox 536 2445 688 2491; x_wconf 66' lang='lat' dir='ltr'>Riese).</span> <span class='ocrx_word' id='word_1_150' title='bbox 864 2446 879 2469; x_wconf 80' lang='grc'>3</span> <span class='ocrx_word' id='word_1_151' title='bbox 912 2460 975 2497; x_wconf 74' lang='lat' dir='ltr'>cp.</span> <span class='ocrx_word' id='word_1_152' title='bbox 1003 2463 1020 2485; x_wconf 91' lang='grc' dir='ltr'>ε</span> <span class='ocrx_word' id='word_1_153' title='bbox 1044 2448 1134 2490; x_wconf 79' lang='lat'>275.</span> 
     </span>
    </p>
   </div>
   <div class='ocr_carea' id='block_1_9' title="bbox 794 2526 898 2529">
    <p class='ocr_par' dir='ltr' id='par_1_16' title="bbox 794 2526 898 2529">
     <span class='ocr_line' id='line_1_26' title="bbox 794 2526 898 2529; baseline 0 0"><span class='ocrx_word' id='word_1_154' title='bbox 794 2526 898 2529; x_wconf 95' lang='lat' dir='ltr'> </span> 
     </span>
    </p>
   </div>
   <div class='ocr_carea' id='block_1_10' title="bbox 916 2527 1122 2532">
    <p class='ocr_par' dir='ltr' id='par_1_17' title="bbox 916 2527 1122 2532">
     <span class='ocr_line' id='line_1_27' title="bbox 916 2527 1122 2532; baseline 0 0"><span class='ocrx_word' id='word_1_155' title='bbox 916 2527 1122 2532; x_wconf 95' lang='lat' dir='ltr'> </span> 
     </span>
    </p>
   </div>
   <div class='ocr_carea' id='block_1_11' title="bbox 255 2557 1711 2612">
    <p class='ocr_par' dir='ltr' id='par_1_18' title="bbox 255 2557 1711 2612">
     <span class='ocr_line' id='line_1_28' title="bbox 255 2557 1711 2612; baseline 0.002 -15"><span class='ocrx_word' id='word_1_156' title='bbox 255 2558 265 2581; x_wconf 80' lang='lat'>¹</span> <span class='ocrx_word' id='word_1_157' title='bbox 301 2558 366 2598; x_wconf 52' lang='grc' dir='ltr'>εἶθ.</span> <span class='ocrx_word' id='word_1_158' title='bbox 407 2558 452 2597; x_wconf 89' lang='lat' dir='ltr'>of</span> <span class='ocrx_word' id='word_1_159' title='bbox 480 2558 605 2610; x_wconf 85' lang='lat' dir='ltr'>grain</span> <span class='ocrx_word' id='word_1_160' title='bbox 640 2557 727 2597; x_wconf 85' lang='lat' dir='ltr'>and</span> <span class='ocrx_word' id='word_1_161' title='bbox 761 2557 921 2597; x_wconf 78' lang='lat' dir='ltr'>fruits:</span> <span class='ocrx_word' id='word_1_162' title='bbox 959 2559 1093 2612; x_wconf 82' lang='lat' dir='ltr'>Virgo</span> <span class='ocrx_word' id='word_1_163' title='bbox 1126 2561 1162 2600; x_wconf 90' lang='lat' dir='ltr'>is</span> <span class='ocrx_word' id='word_1_164' title='bbox 1198 2562 1449 2601; x_wconf 71' lang='lat' dir='ltr'>sometimes</span> <span class='ocrx_word' id='word_1_165' title='bbox 1482 2560 1711 2600; x_wconf 77' lang='lat' dir='ltr'>identified</span> 
     </span>
    </p>
   </div>
   <div class='ocr_carea' id='block_1_12' title="bbox 201 2613 552 2652">
    <p class='ocr_par' dir='ltr' id='par_1_19' title="bbox 201 2613 552 2652">
     <span class='ocr_line' id='line_1_29' title="bbox 201 2613 552 2652; baseline 0 0"><span class='ocrx_word' id='word_1_166' title='bbox 201 2613 310 2652; x_wconf 72' lang='lat' dir='ltr'>with</span> <span class='ocrx_word' id='word_1_167' title='bbox 332 2613 552 2652; x_wconf 70' lang='lat' dir='ltr'>Demeter.</span> 
     </span>
    </p>
   </div>
   <div class='ocr_carea' id='block_1_13' title="bbox 203 2706 295 2737">
    <p class='ocr_par' dir='ltr' id='par_1_20' title="bbox 203 2706 295 2737">
     <span class='ocr_line' id='line_1_30' title="bbox 203 2706 295 2737; baseline -0.011 0"><span class='ocrx_word' id='word_1_168' title='bbox 203 2706 295 2737; x_wconf 88' lang='lat'>202</span> 
     </span>
    </p>
   </div>
  </div>
 </body>
</html>
