1871 3046
814 196 1169 244 AUSONIUS

1719 322 1746 367 U(

238 329 479 377 redderet
503 336 557 376 et
581 345 744 376 mores
770 336 823 376 et
848 329 1068 374 moribus
1093 326 1307 373 adderet
1331 324 1474 382 illud,

308 405 544 451 Paulinus
570 409 730 451 caruit
755 421 854 468 quo
879 410 1040 466 pater,
1067 403 1323 464 eloquium
1343 418 1352 446 :

238 483 444 543 eriperis
468 480 615 527 laetis
642 487 695 526 et
719 480 1116 542 pubescentibus
1141 480 1285 522 annis

307 555 560 618 crudaque
587 555 752 601 adhuc
777 557 952 600 matris
978 559 1184 615 pectora
1210 550 1461 597 sollicitas.

238 630 413 678 flemus
440 634 576 677 enim
596 636 648 676 et
674 635 869 691 raptam
893 628 1104 674 thalami
1129 625 1194 672 de
1220 625 1340 672 sede
1367 640 1602 681 sororem,

307 705 407 751 heu
428 721 531 750 non
556 710 753 750 maturo
778 702 975 758 funere,
1002 700 1291 763 Dryadiam.
1691 699 1751 743 lO

238 780 431 837 flemus,
457 795 551 840 ego
577 782 629 823 in
654 780 843 840 primis,
869 780 954 839 qui
979 779 1153 822 matris
1173 774 1466 830 avunculus,
1486 789 1542 819 ac
1564 789 1648 819 vos

308 861 541 900 natorum
565 859 822 915 tamquam
850 851 1006 913 diligo
1031 853 1341 913 progeniem.

239 929 325 974 illa
349 944 526 974 manus
551 931 687 974 inter
710 930 984 990 genetricis
1012 933 1065 972 et
1090 925 1258 971 oscula
1283 927 1436 986 patris

308 1003 510 1060 occidit,
539 1003 768 1065 Hispana
792 1009 849 1049 tu
874 1005 1082 1064 regione
1108 1000 1293 1063 procul.

241 1096 393 1142 quam
416 1085 566 1125 tener
592 1085 645 1125 et
670 1081 831 1140 primo
856 1094 984 1123 nove
1010 1076 1097 1121 flos
1124 1076 1411 1137 decerperis
1435 1090 1573 1130 aevo,
1696 1074 1753 1118 15

309 1154 537 1200 nondum
563 1170 838 1216 purpureas
865 1156 1059 1198 cinctus
1087 1151 1285 1214 ephebe
1311 1151 1497 1212 genas!

242 1237 483 1294 quattuor
508 1229 740 1276 ediderat
763 1245 899 1275 nunc
924 1227 1100 1274 functa
1126 1242 1375 1289 puerpera
1399 1231 1587 1287 partus,

309 1305 491 1352 funera
515 1312 594 1352 set
617 1305 826 1351 tumulis
850 1307 949 1349 iam
975 1306 1234 1365 geminata
1258 1301 1415 1348 dedit.

244 1380 321 1427 Sit
346 1383 465 1427 satis
490 1380 602 1438 hoc,
631 1380 838 1426 Pauline
864 1385 1038 1441 pater;
1075 1377 1251 1424 divisio
1276 1375 1409 1423 facta
1436 1382 1513 1422 est
1533 1392 1542 1420 :
1560 1375 1576 1404 1

313 1455 531 1502 debetur
555 1458 703 1502 matri
730 1461 901 1501 cetera
926 1455 1208 1516 progenies.
1698 1448 1760 1495 20

514 1694 1029 1741 XX1V.—PAUL1NUS
1067 1694 1280 1741 Sonoms
1317 1693 1497 1740 GENER

248 1818 349 1876 QUI
375 1817 568 1864 laetum
593 1820 874 1879 ingenium,
899 1833 1063 1863 mores
1089 1820 1175 1880 qui
1200 1816 1370 1880 diligit
1394 1832 1580 1879 aequos

316 1897 503 1956 quique
529 1892 682 1939 fidem
707 1899 880 1939 sancta
905 1909 1020 1937 cum
1043 1895 1238 1954 pietate
1263 1892 1398 1948 colit,

251 1968 447 2014 Paulini
471 1984 645 2013 manes
669 1983 869 2013 mecum
894 1973 1164 2012 veneratus
1189 1969 1360 2012 amicis

317 2047 509 2089 inroret
532 2043 749 2088 lacrimis
774 2059 941 2088 annua
964 2041 1066 2087 liba
1089 2040 1271 2087 ferens.

249 2134 550 2182 aequaevus,
580 2117 803 2174 Pauline,
829 2116 953 2162 mihi
979 2123 1252 2178 natamque
1279 2132 1458 2162 sorori—0

316 2192 559 2255 indeptus
584 2191 837 2238 thalamo:
876 2194 944 2237 sic
970 2191 1094 2236 mihi
1122 2207 1284 2252 paene
1311 2207 1483 2252 gener.

252 2271 421 2330 stirpis
446 2267 733 2330 Aquitanae
752 2273 916 2313 mater
941 2267 1035 2313 tibi
1057 2283 1064 2311 :
1102 2282 1220 2311 nam
1244 2268 1465 2328 genitori

321 2343 490 2389 Cossio
516 2342 772 2399 Vasatum,
798 2341 1102 2403 municipale
1131 2357 1304 2402 genus.

1736 2113 1763 2157 Ut

307 2442 323 2465 1
354 2454 417 2492 cp.
447 2440 612 2492 Corpus
641 2440 779 2480 Inscr.
807 2440 955 2480 Graec.
984 2441 1087 2479 Pars
1109 2440 1257 2479 xxxiv.
1286 2440 1368 2480 No.
1395 2440 1499 2482 6791
1531 2438 1687 2487 (found
1717 2442 1765 2476 at

253 2496 502 2544 Bordeaux)
526 2512 533 2535 :

416 2561 592 2612 Λείψανα
609 2560 841 2607 Λουκίλλης
861 2559 1125 2609 διδυματόκου
1147 2558 1284 2599 ἐνθάδε
1306 2563 1415 2600 κεΐτε
1437 2558 1542 2608 (δίς),

417 2615 465 2663 ἧς
484 2614 721 2667 μεμέρισται
744 2614 836 2666 (Sic)
858 2614 1007 2668 βρέφη,
1034 2614 1135 2664 ζωὸν
1155 2614 1286 2666 πατρί,
1315 2613 1483 2667 θάτερον
1502 2615 1616 2665 αὐτῇ.

257 2677 317 2722 88
