1871 3046
822 202 1179 251 AUSONIUS

441 356 727 403 XVII.——A
765 355 1039 402 SOLISTITIO
1079 370 1129 400 IN
1169 355 1557 408 AEQUINOCTIUM

924 424 1081 468 RAT1O

246 535 342 582 SOL
367 535 624 598 profectus
649 553 677 581 a
702 542 879 597 teporo
905 537 1035 579 veris
1060 536 1381 595 aequinoctio

243 620 358 676 post
383 614 646 660 semidiem
671 619 887 674 postque
913 617 1048 658 totos
1073 615 1351 673 nonaginta
1378 618 1430 658 et
1455 618 1694 674 quattuor

243 692 449 738 fervidis
475 692 687 753 flagrans
714 691 925 736 habenis
950 690 1150 752 pulsum
1175 693 1421 736 aestivum
1448 689 1659 736 conficit.

243 770 362 815 inde
388 777 661 816 autumnus
687 772 850 815 noctis
876 768 1020 814 horas
1045 769 1233 815 librans
1259 785 1420 832 aequo
1444 768 1636 815 lumine

242 856 356 895 octo
382 855 435 894 et
460 852 720 910 octoginta
747 851 911 910 goeris
938 854 991 894 et
1016 864 1166 910 super
1190 848 1401 894 trihorio
1726 847 1754 892 5

241 1005 361 1052 inde
386 1005 616 1052 floridum
642 1005 838 1052 reflexis
864 1022 952 1051 ver
975 1009 1148 1052 revisit
1172 1009 1300 1052 oreis

242 1084 429 1132 additis
454 1084 518 1130 ad
544 1084 634 1131 hos
660 1087 851 1147 priores
878 1100 1055 1146 goeros
1083 1088 1299 1146 geminis
1326 1085 1544 1131 orbibus.

391 1280 744 1328 XVIII.—DE
780 1280 1037 1326 MENSIBUS
1068 1296 1128 1326 ET
1160 1281 1445 1339 QUATTUOR
1479 1281 1615 1326 ANNI

839 1348 1162 1395 TEMPORIBUS

242 1460 512 1506 AETERNOS
537 1476 737 1506 menses
764 1466 817 1505 et
842 1465 1072 1521 tempora
1097 1466 1337 1522 quattuor
1362 1463 1480 1505 anni

242 1545 482 1601 quattuor
506 1542 601 1585 ista
627 1539 720 1584 tibi
748 1539 974 1584 subiecta
999 1538 1315 1585 monosticha
1340 1537 1526 1585 dicent.

245 1618 474 1675 Martius,
504 1616 710 1679 Aprilis,
737 1617 900 1663 Maius
927 1623 1045 1663 sunt
1069 1623 1299 1679 tempora
1324 1620 1466 1664 veris.

244 1697 416 1754 Iulius,
443 1696 705 1757 Augustus
731 1711 826 1741 nec
852 1712 955 1741 non
983 1702 1035 1741 et
1061 1696 1235 1742 Iunius
1261 1702 1437 1742 aestas.

244 1776 550 1838 Septembri,
581 1776 792 1822 Octobri
818 1781 1085 1821 autumnat
1110 1782 1321 1837 totoque
1349 1775 1634 1824 Novembri.
1728 1781 1755 1826 5

240 1854 494 1901 brumales
521 1853 687 1911 Ianus,
715 1853 1013 1900 Februarius
1038 1860 1192 1916 atque
1220 1854 1517 1900 December.

515 2054 810 2101 XIX.—DE
850 2054 1190 2101 LUSTRALIBUS
1229 2057 1487 2101 AGONIBUS

243 2166 528 2225 QUATTUOR
553 2169 786 2228 antiquos
813 2165 1088 2211 celebravit
1121 2165 1305 2210 Achaia
1330 2166 1487 2212 ludos.

310 2245 604 2292 caelicolum
630 2245 731 2291 duo
758 2250 876 2290 sunt
903 2251 955 2290 et
981 2244 1081 2290 duo
1107 2243 1238 2290 festa
1264 2244 1538 2292 hominum.

241 2341 377 2370 sacra
405 2325 534 2370 Iovis
564 2323 871 2386 Phoebique,
901 2322 1213 2368 Palaemonis
1241 2323 1656 2385 Archemorique,

311 2408 444 2448 serta
471 2403 652 2464 quibus
678 2404 842 2463 pinus,
869 2400 1045 2457 mahIS,
1073 2401 1217 2459 oliva,
1244 2405 1429 2463 apium.

303 2547 316 2570 ¹
347 2547 474 2588 Some
491 2547 603 2586 lines
625 2546 832 2598 finishing
846 2545 956 2585 with
970 2553 1154 2585 autumn
1177 2545 1263 2585 and
1286 2546 1461 2598 dealing
1474 2546 1584 2585 with
1603 2546 1759 2585 winter

242 2615 316 2642 are
337 2615 533 2654 missmg.

250 2697 340 2741 192
