1871 3046
821 190 1178 239 AUSONIUS

240 326 485 384 imparem
520 326 761 368 maximis.
837 322 972 369 hunc
997 328 1053 368 tu
1079 321 1204 366 mihi
1229 323 1481 382 inproviso
1507 319 1752 365 clarorum

241 428 475 458 versuum
528 411 780 474 dignitate
838 412 1093 473 Aegyptio
1143 409 1260 454 Nilo
1308 412 1566 466 maiorem,
1614 407 1753 471 frigi-

239 501 431 547 diorem
457 501 694 564 Scythico
720 500 876 546 Tanai
902 499 1263 561 clarioremque
1284 498 1379 544 hoc
1399 504 1570 544 nostro
1596 514 1753 560 popu-

238 589 329 635 lari
355 590 525 636 Tiberi
550 589 830 636 reddidisti.
905 604 1226 650 nequaquam
1262 588 1353 633 tibi
1393 586 1652 633 crederem
1688 586 1753 632 de

241 677 484 725 Mosellae
521 685 634 724 ortu
671 695 728 723 ac
764 683 937 724 meatu
973 693 1157 738 magna
1193 679 1433 735 narranti,
1470 680 1522 722 ni
1558 680 1753 734 scirem,

240 766 374 828 quod
417 783 512 812 nec
555 770 608 811 in
650 773 886 828 poemate
928 768 1202 812 mentiaris.
1292 765 1427 811 unde
1470 765 1555 811 illa
1596 768 1753 810 amni-

239 870 411 900 corum
447 857 660 916 piscium
698 857 929 900 examina
966 857 1235 916 repperisti
1274 871 1425 916 quam
1466 855 1754 900 nominibus

239 947 388 1001 varia,
435 951 542 991 tam
590 944 856 1002 coloribus,
903 950 960 990 ut
1007 944 1361 1006 magnitudine
1410 944 1638 1001 distanti,
1686 947 1755 990 sic

239 1049 432 1095 sapore,
459 1049 587 1096 quae
613 1040 670 1080 tu
696 1036 974 1096 pigmentis
999 1035 1143 1079 istius
1169 1036 1401 1079 carminis
1431 1050 1579 1095 supra
1608 1040 1752 1080 natu-

239 1138 323 1168 rae
350 1122 482 1168 dona
506 1121 723 1169 fucasti?
795 1125 972 1185 atquin
1009 1125 1061 1167 in
1098 1125 1198 1168 tuis
1235 1126 1422 1168 mensis
1459 1140 1609 1185 saepe
1647 1139 1755 1169 ver-

240 1217 376 1258 satus
407 1228 521 1257 cum
551 1211 792 1274 pleraque
828 1211 939 1269 alia,
978 1228 1105 1274 quae
1143 1217 1266 1258 tunc
1303 1215 1354 1257 in
1392 1216 1556 1274 pretio
1594 1219 1754 1270 erant,

241 1304 347 1346 esui
387 1301 585 1347 obiecta
622 1304 845 1358 mirarer,
884 1317 1160 1363 numquam
1204 1301 1298 1347 hoc
1340 1318 1501 1363 genus
1543 1305 1753 1364 piscium

240 1389 572 1451 deprehendi.
648 1389 850 1452 quando
875 1390 969 1436 tibi
994 1389 1046 1434 hi
1071 1392 1233 1451 pisces
1259 1393 1310 1435 in
1335 1390 1462 1436 libro
1487 1394 1593 1437 nati
1620 1398 1754 1449 sunt,

239 1482 325 1541 qui
361 1482 413 1524 in
450 1478 652 1525 ferculis
690 1495 793 1525 non
828 1478 1071 1525 fuerunt?
1144 1482 1294 1524 iocari
1325 1497 1404 1526 me
1429 1487 1577 1542 putas
1601 1487 1755 1543 atque

238 1584 390 1630 agere
428 1569 621 1630 nugas?
693 1570 764 1613 ita
801 1567 926 1614 deus
961 1583 1043 1613 me
1082 1567 1395 1629 probabilem
1430 1575 1673 1631 praestet,
1698 1576 1756 1615 ut

238 1674 335 1720 ego
370 1657 465 1704 hoc
503 1664 647 1705 tuum
685 1674 888 1704 carmen
925 1657 1062 1704 libris
1102 1658 1325 1703 Maronis
1358 1657 1591 1721 adiungo.

308 1745 409 1793 Sed
458 1750 558 1792 iam
606 1746 835 1793 desinam
883 1749 985 1792 mei
1033 1747 1219 1793 oblitus
1268 1746 1452 1793 doloris
1490 1747 1753 1794 inhaerere

238 1837 470 1884 laudibus
495 1842 611 1896 tuis,
638 1856 703 1886 ne
730 1839 825 1885 hoc
851 1855 1051 1902 quoque
1078 1839 1142 1885 ad
1167 1838 1378 1900 gloriam
1404 1847 1543 1886 tuam
1568 1839 1753 1897 trahas,

240 1926 374 1988 quod
404 1933 457 1974 te
483 1931 721 1974 miramur
747 1928 935 1975 offensi.
1011 1944 1214 1990 spargas
1241 1928 1362 1975 licet
1388 1929 1642 1975 volumina
1666 1935 1754 1975 tua

240 2021 293 2060 et
328 2031 410 2061 me
447 2032 647 2078 semper
685 2020 933 2079 excipias:
971 2015 1198 2063 fruemur
1236 2024 1409 2064 tamen
1452 2025 1542 2064 tuo
1584 2035 1753 2080 opere,

239 2104 329 2151 sed
364 2104 575 2152 aliorum
612 2107 947 2169 benignitate.
1025 2106 1149 2152 vale.

243 2673 345 2717 266
