<?xml version="1.0" encoding="UTF-8"?>
<!DOCTYPE html PUBLIC "-//W3C//DTD XHTML 1.0 Transitional//EN"
    "http://www.w3.org/TR/xhtml1/DTD/xhtml1-transitional.dtd">
<html xmlns="http://www.w3.org/1999/xhtml" xml:lang="en" lang="en">
 <head>
  <title>
</title>
<meta http-equiv="Content-Type" content="text/html;charset=utf-8" />
  <meta name='ocr-system' content='tesseract 3.04.00' />
  <meta name='ocr-capabilities' content='ocr_page ocr_carea ocr_par ocr_line ocrx_word'/>
</head>
<body>
  <div class='ocr_page' id='page_1' title='image "ausonius00auso_0156.png"; bbox 0 0 1871 3046; ppageno 0'>
   <div class='ocr_carea' id='block_1_1' title="bbox 825 208 1182 257">
    <p class='ocr_par' dir='ltr' id='par_1_1' title="bbox 825 208 1182 257">
     <span class='ocr_line' id='line_1_1' title="bbox 825 208 1182 257; baseline 0.008 -3"><span class='ocrx_word' id='word_1_1' title='bbox 825 208 1182 257; x_wconf 88' lang='lat' dir='ltr'>AUSONIUS</span> 
     </span>
    </p>
   </div>
   <div class='ocr_carea' id='block_1_2' title="bbox 450 339 1441 403">
    <p class='ocr_par' dir='ltr' id='par_1_2' title="bbox 450 339 1441 403">
     <span class='ocr_line' id='line_1_2' title="bbox 450 339 1441 403; baseline -0.001 -17"><span class='ocrx_word' id='word_1_2' title='bbox 450 346 644 398; x_wconf 85' lang='lat' dir='ltr'>tamen,</span> <span class='ocrx_word' id='word_1_3' title='bbox 671 339 807 403; x_wconf 89' lang='lat' dir='ltr'>quod</span> <span class='ocrx_word' id='word_1_4' title='bbox 832 356 955 386; x_wconf 89' lang='lat' dir='ltr'>aevo</span> <span class='ocrx_word' id='word_1_5' title='bbox 979 339 1188 387; x_wconf 86' lang='lat' dir='ltr'>floruisti</span> <span class='ocrx_word' id='word_1_6' title='bbox 1213 344 1441 402; x_wconf 87' lang='lat' dir='ltr'>proximo</span> 
     </span>
    </p>
   </div>
   <div class='ocr_carea' id='block_1_3' title="bbox 451 407 1765 1488">
    <p class='ocr_par' dir='ltr' id='par_1_3' title="bbox 521 407 1241 471">
     <span class='ocr_line' id='line_1_3' title="bbox 521 407 1241 471; baseline -0.001 -17"><span class='ocrx_word' id='word_1_7' title='bbox 521 411 818 471; x_wconf 88' lang='lat' dir='ltr'>iuvenisque</span> <span class='ocrx_word' id='word_1_8' title='bbox 845 414 898 454; x_wconf 89' lang='lat' dir='ltr'>te</span> <span class='ocrx_word' id='word_1_9' title='bbox 924 407 1025 454; x_wconf 87' lang='lat' dir='ltr'>vidi</span> <span class='ocrx_word' id='word_1_10' title='bbox 1051 423 1241 464; x_wconf 87' lang='lat' dir='ltr'>senem,</span> 
     </span>
    </p>

    <p class='ocr_par' dir='ltr' id='par_1_4' title="bbox 455 475 1763 606">
     <span class='ocr_line' id='line_1_4' title="bbox 455 475 1763 532; baseline 0 -12"><span class='ocrx_word' id='word_1_11' title='bbox 455 475 645 522; x_wconf 80' lang='lat' dir='ltr'>honore</span> <span class='ocrx_word' id='word_1_12' title='bbox 670 482 894 522; x_wconf 88' lang='lat' dir='ltr'>maestae</span> <span class='ocrx_word' id='word_1_13' title='bbox 919 492 1022 521; x_wconf 89' lang='lat' dir='ltr'>non</span> <span class='ocrx_word' id='word_1_14' title='bbox 1049 475 1241 521; x_wconf 87' lang='lat' dir='ltr'>carebis</span> <span class='ocrx_word' id='word_1_15' title='bbox 1267 479 1465 532; x_wconf 80' lang='lat' dir='ltr'>neniae,</span> <span class='ocrx_word' id='word_1_16' title='bbox 1735 476 1763 520; x_wconf 82' lang='lat'>5</span> 
     </span>
     <span class='ocr_line' id='line_1_5' title="bbox 520 542 1292 606; baseline -0.001 -17"><span class='ocrx_word' id='word_1_17' title='bbox 520 543 696 590; x_wconf 82' lang='lat' dir='ltr'>doctor</span> <span class='ocrx_word' id='word_1_18' title='bbox 720 550 991 606; x_wconf 78' lang='lat' dir='ltr'>potentum</span> <span class='ocrx_word' id='word_1_19' title='bbox 1016 542 1292 589; x_wconf 74' lang='lat' dir='ltr'>rhetorum.</span> 
     </span>
    </p>

    <p class='ocr_par' dir='ltr' id='par_1_5' title="bbox 452 609 1484 734">
     <span class='ocr_line' id='line_1_6' title="bbox 452 609 1484 671; baseline 0 -15"><span class='ocrx_word' id='word_1_20' title='bbox 452 617 508 656; x_wconf 82' lang='lat' dir='ltr'>tu</span> <span class='ocrx_word' id='word_1_21' title='bbox 538 611 786 657; x_wconf 81' lang='lat' dir='ltr'>Baiocassi</span> <span class='ocrx_word' id='word_1_22' title='bbox 811 614 968 671; x_wconf 85' lang='lat' dir='ltr'>stirpe</span> <span class='ocrx_word' id='word_1_23' title='bbox 996 609 1304 656; x_wconf 79' lang='lat' dir='ltr'>Druidarum</span> <span class='ocrx_word' id='word_1_24' title='bbox 1331 617 1484 668; x_wconf 86' lang='lat' dir='ltr'>satus,</span> 
     </span>
     <span class='ocr_line' id='line_1_7' title="bbox 523 677 1201 734; baseline -0.001 -10"><span class='ocrx_word' id='word_1_25' title='bbox 523 682 563 724; x_wconf 86' lang='lat' dir='ltr'>si</span> <span class='ocrx_word' id='word_1_26' title='bbox 589 678 723 724; x_wconf 87' lang='lat' dir='ltr'>fama</span> <span class='ocrx_word' id='word_1_27' title='bbox 746 694 850 723; x_wconf 91' lang='lat' dir='ltr'>non</span> <span class='ocrx_word' id='word_1_28' title='bbox 875 677 1008 723; x_wconf 83' lang='lat' dir='ltr'>fallit</span> <span class='ocrx_word' id='word_1_29' title='bbox 1032 677 1201 734; x_wconf 88' lang='lat' dir='ltr'>fidem,</span> 
     </span>
    </p>

    <p class='ocr_par' dir='ltr' id='par_1_6' title="bbox 456 744 1765 860">
     <span class='ocr_line' id='line_1_8' title="bbox 456 744 1550 808; baseline 0.001 -16"><span class='ocrx_word' id='word_1_30' title='bbox 456 746 634 792; x_wconf 84' lang='lat' dir='ltr'>Beleni</span> <span class='ocrx_word' id='word_1_31' title='bbox 659 752 908 791; x_wconf 87' lang='lat' dir='ltr'>sacratum</span> <span class='ocrx_word' id='word_1_32' title='bbox 932 744 1073 791; x_wconf 88' lang='lat' dir='ltr'>ducis</span> <span class='ocrx_word' id='word_1_33' title='bbox 1099 762 1126 792; x_wconf 90' lang='lat' dir='ltr'>e</span> <span class='ocrx_word' id='word_1_34' title='bbox 1152 746 1347 807; x_wconf 82' lang='lat' dir='ltr'>templo</span> <span class='ocrx_word' id='word_1_35' title='bbox 1373 762 1550 808; x_wconf 86' lang='lat' dir='ltr'>genus,</span> 
     </span>
     <span class='ocr_line' id='line_1_9' title="bbox 523 813 1765 860; baseline 0.002 -2"><span class='ocrx_word' id='word_1_36' title='bbox 523 820 575 859; x_wconf 85' lang='lat' dir='ltr'>et</span> <span class='ocrx_word' id='word_1_37' title='bbox 600 813 720 859; x_wconf 81' lang='lat' dir='ltr'>inde</span> <span class='ocrx_word' id='word_1_38' title='bbox 747 814 886 859; x_wconf 80' lang='lat' dir='ltr'>vobis</span> <span class='ocrx_word' id='word_1_39' title='bbox 913 816 1146 859; x_wconf 83' lang='lat' dir='ltr'>nomina:</span> <span class='ocrx_word' id='word_1_40' title='bbox 1704 816 1765 860; x_wconf 77' lang='lat'>10</span> 
     </span>
    </p>

    <p class='ocr_par' dir='ltr' id='par_1_7' title="bbox 452 881 1526 1012">
     <span class='ocr_line' id='line_1_10' title="bbox 452 881 1526 944; baseline 0.003 -18"><span class='ocrx_word' id='word_1_41' title='bbox 452 881 546 926; x_wconf 85' lang='lat' dir='ltr'>tibi</span> <span class='ocrx_word' id='word_1_42' title='bbox 575 881 784 927; x_wconf 75' lang='lat' dir='ltr'><strong>Paterae</strong></span> <span class='ocrx_word' id='word_1_43' title='bbox 806 898 815 926; x_wconf 77' lang='lat' dir='ltr'><em>z</em></span> <span class='ocrx_word' id='word_1_44' title='bbox 853 884 922 926; x_wconf 88' lang='lat' dir='ltr'>sic</span> <span class='ocrx_word' id='word_1_45' title='bbox 945 884 1202 928; x_wconf 84' lang='lat' dir='ltr'>ministros</span> <span class='ocrx_word' id='word_1_46' title='bbox 1227 890 1526 944; x_wconf 84' lang='lat' dir='ltr'>nuncupant</span> 
     </span>
     <span class='ocr_line' id='line_1_11' title="bbox 520 947 1080 1012; baseline 0.002 -19"><span class='ocrx_word' id='word_1_47' title='bbox 520 947 842 1011; x_wconf 78' lang='lat' dir='ltr'>Apollinares</span> <span class='ocrx_word' id='word_1_48' title='bbox 866 952 1080 1012; x_wconf 75' lang='lat' dir='ltr'>mystici.</span> 
     </span>
    </p>

    <p class='ocr_par' dir='ltr' id='par_1_8' title="bbox 452 1015 1551 1148">
     <span class='ocr_line' id='line_1_12' title="bbox 452 1015 1551 1079; baseline 0.001 -17"><span class='ocrx_word' id='word_1_49' title='bbox 452 1015 595 1062; x_wconf 86' lang='lat' dir='ltr'>fratri</span> <span class='ocrx_word' id='word_1_50' title='bbox 621 1020 853 1079; x_wconf 84' lang='lat' dir='ltr'>patrique</span> <span class='ocrx_word' id='word_1_51' title='bbox 879 1033 1066 1063; x_wconf 88' lang='lat' dir='ltr'>nomen</span> <span class='ocrx_word' id='word_1_52' title='bbox 1091 1034 1119 1062; x_wconf 88' lang='lat' dir='ltr'>a</span> <span class='ocrx_word' id='word_1_53' title='bbox 1146 1016 1351 1063; x_wconf 89' lang='lat' dir='ltr'>Phoebo</span> <span class='ocrx_word' id='word_1_54' title='bbox 1376 1017 1551 1065; x_wconf 87' lang='lat' dir='ltr'>datum</span> 
     </span>
     <span class='ocr_line' id='line_1_13' title="bbox 519 1084 1202 1148; baseline -0.001 -18"><span class='ocrx_word' id='word_1_55' title='bbox 519 1091 743 1148; x_wconf 86' lang='lat' dir='ltr'>natoque</span> <span class='ocrx_word' id='word_1_56' title='bbox 768 1085 832 1131; x_wconf 89' lang='lat' dir='ltr'>de</span> <span class='ocrx_word' id='word_1_57' title='bbox 860 1084 1076 1147; x_wconf 83' lang='lat' dir='ltr'>Delphis</span> <span class='ocrx_word' id='word_1_58' title='bbox 1102 1091 1202 1131; x_wconf 83' lang='lat' dir='ltr'>tuo,</span> 
     </span>
    </p>

    <p class='ocr_par' dir='ltr' id='par_1_9' title="bbox 453 1151 1761 1284">
     <span class='ocr_line' id='line_1_14' title="bbox 453 1151 1761 1216; baseline 0.002 -18"><span class='ocrx_word' id='word_1_59' title='bbox 453 1151 684 1199; x_wconf 87' lang='lat' dir='ltr'>doctrina</span> <span class='ocrx_word' id='word_1_60' title='bbox 708 1152 836 1199; x_wconf 89' lang='lat' dir='ltr'>nulli</span> <span class='ocrx_word' id='word_1_61' title='bbox 860 1160 1006 1199; x_wconf 85' lang='lat' dir='ltr'>tanta</span> <span class='ocrx_word' id='word_1_62' title='bbox 1030 1156 1082 1198; x_wconf 88' lang='lat' dir='ltr'>in</span> <span class='ocrx_word' id='word_1_63' title='bbox 1107 1152 1194 1199; x_wconf 94' lang='lat' dir='ltr'>illo</span> <span class='ocrx_word' id='word_1_64' title='bbox 1220 1159 1450 1216; x_wconf 86' lang='lat' dir='ltr'>tempore</span> <span class='ocrx_word' id='word_1_65' title='bbox 1701 1155 1761 1200; x_wconf 85' lang='lat'>15</span> 
     </span>
     <span class='ocr_line' id='line_1_15' title="bbox 523 1220 1342 1284; baseline 0 -17"><span class='ocrx_word' id='word_1_66' title='bbox 523 1237 797 1284; x_wconf 86' lang='lat' dir='ltr'>cursusque</span> <span class='ocrx_word' id='word_1_67' title='bbox 822 1227 902 1267; x_wconf 85' lang='lat' dir='ltr'>tot</span> <span class='ocrx_word' id='word_1_68' title='bbox 926 1220 1068 1267; x_wconf 86' lang='lat' dir='ltr'>fandi</span> <span class='ocrx_word' id='word_1_69' title='bbox 1094 1228 1148 1267; x_wconf 88' lang='lat' dir='ltr'>et</span> <span class='ocrx_word' id='word_1_70' title='bbox 1172 1227 1342 1268; x_wconf 87' lang='lat' dir='ltr'>rotae:</span> 
     </span>
    </p>

    <p class='ocr_par' dir='ltr' id='par_1_10' title="bbox 452 1288 1393 1420">
     <span class='ocr_line' id='line_1_16' title="bbox 452 1288 1393 1347; baseline 0 -13"><span class='ocrx_word' id='word_1_71' title='bbox 452 1305 661 1346; x_wconf 87' lang='lat' dir='ltr'>memor,</span> <span class='ocrx_word' id='word_1_72' title='bbox 688 1289 923 1346; x_wconf 81' lang='lat' dir='ltr'>disertus,</span> <span class='ocrx_word' id='word_1_73' title='bbox 949 1288 1117 1335; x_wconf 87' lang='lat' dir='ltr'>lucida</span> <span class='ocrx_word' id='word_1_74' title='bbox 1141 1288 1393 1347; x_wconf 83' lang='lat' dir='ltr'>facundia,</span> 
     </span>
     <span class='ocr_line' id='line_1_17' title="bbox 521 1356 1185 1420; baseline 0.002 -18"><span class='ocrx_word' id='word_1_75' title='bbox 521 1373 720 1413; x_wconf 83' lang='lat' dir='ltr'>canore,</span> <span class='ocrx_word' id='word_1_76' title='bbox 745 1357 884 1403; x_wconf 88' lang='lat' dir='ltr'>cultu</span> <span class='ocrx_word' id='word_1_77' title='bbox 910 1356 1185 1420; x_wconf 84' lang='lat' dir='ltr'>praeditus,</span> 
     </span>
    </p>

    <p class='ocr_par' dir='ltr' id='par_1_11' title="bbox 451 1424 1473 1488">
     <span class='ocr_line' id='line_1_18' title="bbox 451 1424 1473 1488; baseline 0.003 -19"><span class='ocrx_word' id='word_1_78' title='bbox 451 1424 637 1472; x_wconf 85' lang='lat' dir='ltr'>salibus</span> <span class='ocrx_word' id='word_1_79' title='bbox 660 1425 922 1471; x_wconf 83' lang='lat' dir='ltr'>modestus</span> <span class='ocrx_word' id='word_1_80' title='bbox 947 1424 1068 1471; x_wconf 87' lang='lat' dir='ltr'>felle</span> <span class='ocrx_word' id='word_1_81' title='bbox 1094 1424 1233 1471; x_wconf 91' lang='lat' dir='ltr'>nullo</span> <span class='ocrx_word' id='word_1_82' title='bbox 1260 1426 1473 1488; x_wconf 84' lang='lat' dir='ltr'>perlitis,</span> 
     </span>
    </p>
   </div>
   <div class='ocr_carea' id='block_1_4' title="bbox 530 1493 1830 1555">
    <p class='ocr_par' dir='ltr' id='par_1_12' title="bbox 530 1493 1830 1555">
     <span class='ocr_line' id='line_1_19' title="bbox 530 1493 1830 1555; baseline 0.003 -17"><span class='ocrx_word' id='word_1_83' title='bbox 530 1496 635 1538; x_wconf 88' lang='lat' dir='ltr'>vini</span> <span class='ocrx_word' id='word_1_84' title='bbox 660 1493 859 1555; x_wconf 84' lang='lat' dir='ltr'>cibique</span> <span class='ocrx_word' id='word_1_85' title='bbox 885 1493 1177 1551; x_wconf 82' lang='lat' dir='ltr'>abstemiuS,</span> <span class='ocrx_word' id='word_1_86' title='bbox 1703 1495 1765 1542; x_wconf 85' lang='lat'>20</span> <span class='ocrx_word' id='word_1_87' title='bbox 1827 1520 1830 1522; x_wconf 97' lang='lat'>·</span> 
     </span>
    </p>
   </div>
   <div class='ocr_carea' id='block_1_5' title="bbox 451 1560 1614 1693">
    <p class='ocr_par' dir='ltr' id='par_1_13' title="bbox 451 1560 1614 1693">
     <span class='ocr_line' id='line_1_20' title="bbox 451 1560 1614 1625; baseline 0.003 -19"><span class='ocrx_word' id='word_1_88' title='bbox 451 1561 632 1618; x_wconf 87' lang='lat' dir='ltr'>laetus,</span> <span class='ocrx_word' id='word_1_89' title='bbox 659 1561 889 1623; x_wconf 85' lang='lat' dir='ltr'>pudicus,</span> <span class='ocrx_word' id='word_1_90' title='bbox 915 1560 1143 1623; x_wconf 82' lang='lat' dir='ltr'>pulcher,</span> <span class='ocrx_word' id='word_1_91' title='bbox 1169 1564 1222 1607; x_wconf 90' lang='lat' dir='ltr'>in</span> <span class='ocrx_word' id='word_1_92' title='bbox 1247 1566 1388 1609; x_wconf 87' lang='lat' dir='ltr'>senio</span> <span class='ocrx_word' id='word_1_93' title='bbox 1413 1579 1614 1625; x_wconf 85' lang='lat' dir='ltr'>quoque</span> 
     </span>
     <span class='ocr_line' id='line_1_21' title="bbox 519 1629 1330 1693; baseline 0.002 -19"><span class='ocrx_word' id='word_1_94' title='bbox 519 1629 716 1691; x_wconf 87' lang='lat' dir='ltr'>aquilae</span> <span class='ocrx_word' id='word_1_95' title='bbox 743 1635 802 1675; x_wconf 89' lang='lat' dir='ltr'>ut</span> <span class='ocrx_word' id='word_1_96' title='bbox 825 1636 1061 1676; x_wconf 86' lang='lat' dir='ltr'>senectus</span> <span class='ocrx_word' id='word_1_97' title='bbox 1086 1635 1175 1675; x_wconf 85' lang='lat' dir='ltr'>aut</span> <span class='ocrx_word' id='word_1_98' title='bbox 1200 1634 1330 1693; x_wconf 86' lang='lat' dir='ltr'>equi.</span> 
     </span>
    </p>
   </div>
   <div class='ocr_carea' id='block_1_6' title="bbox 459 1773 1557 1824">
    <p class='ocr_par' dir='ltr' id='par_1_14' title="bbox 459 1773 1557 1824">
     <span class='ocr_line' id='line_1_22' title="bbox 459 1773 1557 1824; baseline -0.001 -3"><span class='ocrx_word' id='word_1_99' title='bbox 459 1775 784 1824; x_wconf 80' lang='lat' dir='ltr'>V.—-ATT1US</span> <span class='ocrx_word' id='word_1_100' title='bbox 821 1774 949 1820; x_wconf 72' lang='lat' dir='ltr'>Tmo</span> <span class='ocrx_word' id='word_1_101' title='bbox 988 1773 1304 1820; x_wconf 75' lang='lat' dir='ltr'>DELPHIDIOS</span> <span class='ocrx_word' id='word_1_102' title='bbox 1344 1775 1557 1820; x_wconf 79' lang='lat' dir='ltr'>RHETOR</span> 
     </span>
    </p>
   </div>
   <div class='ocr_carea' id='block_1_7' title="bbox 454 1880 1763 2420">
    <p class='ocr_par' dir='ltr' id='par_1_15' title="bbox 454 1880 1763 2420">
     <span class='ocr_line' id='line_1_23' title="bbox 457 1880 1596 1944; baseline -0.001 -16"><span class='ocrx_word' id='word_1_103' title='bbox 457 1883 712 1938; x_wconf 81' lang='lat' dir='ltr'>FACUNDE,</span> <span class='ocrx_word' id='word_1_104' title='bbox 739 1881 905 1936; x_wconf 86' lang='lat' dir='ltr'>docte,</span> <span class='ocrx_word' id='word_1_105' title='bbox 932 1880 1106 1942; x_wconf 82' lang='lat' dir='ltr'>lingua</span> <span class='ocrx_word' id='word_1_106' title='bbox 1133 1887 1187 1927; x_wconf 88' lang='lat' dir='ltr'>et</span> <span class='ocrx_word' id='word_1_107' title='bbox 1212 1883 1418 1944; x_wconf 88' lang='lat' dir='ltr'>ingenio</span> <span class='ocrx_word' id='word_1_108' title='bbox 1444 1881 1596 1939; x_wconf 89' lang='lat' dir='ltr'>celer,</span> 
     </span>
     <span class='ocr_line' id='line_1_24' title="bbox 522 1948 1187 2010; baseline -0.003 -14"><span class='ocrx_word' id='word_1_109' title='bbox 522 1954 642 1996; x_wconf 86' lang='lat' dir='ltr'>iocis</span> <span class='ocrx_word' id='word_1_110' title='bbox 668 1965 898 2006; x_wconf 84' lang='lat' dir='ltr'>amoene,</span> <span class='ocrx_word' id='word_1_111' title='bbox 928 1948 1187 2010; x_wconf 89' lang='lat' dir='ltr'>Delphidi,</span> 
     </span>
     <span class='ocr_line' id='line_1_25' title="bbox 456 2016 1445 2078; baseline -0.004 -13"><span class='ocrx_word' id='word_1_112' title='bbox 456 2020 725 2065; x_wconf 75' lang='lat' dir='ltr'>subtextus</span> <span class='ocrx_word' id='word_1_113' title='bbox 751 2023 860 2063; x_wconf 87' lang='lat' dir='ltr'>esto</span> <span class='ocrx_word' id='word_1_114' title='bbox 886 2016 1039 2062; x_wconf 79' lang='lat' dir='ltr'>flebili</span> <span class='ocrx_word' id='word_1_115' title='bbox 1064 2016 1248 2063; x_wconf 84' lang='lat' dir='ltr'>threno</span> <span class='ocrx_word' id='word_1_116' title='bbox 1273 2020 1445 2078; x_wconf 84' lang='lat' dir='ltr'>patris,</span> 
     </span>
     <span class='ocr_line' id='line_1_26' title="bbox 521 2084 1233 2132; baseline -0.004 0"><span class='ocrx_word' id='word_1_117' title='bbox 521 2085 659 2132; x_wconf 89' lang='lat' dir='ltr'>laudi</span> <span class='ocrx_word' id='word_1_118' title='bbox 683 2091 742 2132; x_wconf 85' lang='lat' dir='ltr'>ut</span> <span class='ocrx_word' id='word_1_119' title='bbox 766 2085 967 2132; x_wconf 82' lang='lat' dir='ltr'>subibas</span> <span class='ocrx_word' id='word_1_120' title='bbox 991 2084 1233 2130; x_wconf 87' lang='lat' dir='ltr'>aemulus.</span> 
     </span>
     <span class='ocr_line' id='line_1_27' title="bbox 454 2152 1763 2216; baseline -0.003 -15"><span class='ocrx_word' id='word_1_121' title='bbox 454 2162 509 2201; x_wconf 85' lang='lat' dir='ltr'>tu</span> <span class='ocrx_word' id='word_1_122' title='bbox 536 2170 699 2216; x_wconf 90' lang='lat' dir='ltr'>paene</span> <span class='ocrx_word' id='word_1_123' title='bbox 723 2154 787 2199; x_wconf 83' lang='lat' dir='ltr'>ab</span> <span class='ocrx_word' id='word_1_124' title='bbox 811 2155 931 2215; x_wconf 88' lang='lat' dir='ltr'>ipsis</span> <span class='ocrx_word' id='word_1_125' title='bbox 957 2168 1096 2198; x_wconf 86' lang='lat' dir='ltr'>orsus</span> <span class='ocrx_word' id='word_1_126' title='bbox 1121 2152 1436 2198; x_wconf 80' lang='lat' dir='ltr'>incunabulis</span> <span class='ocrx_word' id='word_1_127' title='bbox 1735 2155 1763 2198; x_wconf 83' lang='lat'>5</span> 
     </span>
     <span class='ocr_line' id='line_1_28' title="bbox 524 2220 1006 2284; baseline -0.008 -15"><span class='ocrx_word' id='word_1_128' title='bbox 524 2223 608 2269; x_wconf 87' lang='lat' dir='ltr'>dei</span> <span class='ocrx_word' id='word_1_129' title='bbox 632 2227 784 2284; x_wconf 88' lang='lat' dir='ltr'>poeta</span> <span class='ocrx_word' id='word_1_130' title='bbox 808 2220 1006 2277; x_wconf 85' lang='lat' dir='ltr'>nobilis,</span> 
     </span>
     <span class='ocr_line' id='line_1_29' title="bbox 457 2286 1512 2351; baseline -0.004 -14"><span class='ocrx_word' id='word_1_131' title='bbox 457 2297 648 2337; x_wconf 87' lang='lat' dir='ltr'>sertum</span> <span class='ocrx_word' id='word_1_132' title='bbox 673 2305 885 2336; x_wconf 86' lang='lat' dir='ltr'>coronae</span> <span class='ocrx_word' id='word_1_133' title='bbox 910 2287 1200 2350; x_wconf 83' lang='lat' dir='ltr'>praeferens</span> <span class='ocrx_word' id='word_1_134' title='bbox 1228 2286 1512 2351; x_wconf 82' lang='lat' dir='ltr'>Olympiae,</span> 
     </span>
     <span class='ocr_line' id='line_1_30' title="bbox 520 2355 1170 2420; baseline -0.005 -16"><span class='ocrx_word' id='word_1_135' title='bbox 520 2374 646 2420; x_wconf 88' lang='lat' dir='ltr'>puer</span> <span class='ocrx_word' id='word_1_136' title='bbox 672 2356 938 2403; x_wconf 76' lang='lat' dir='ltr'>celebrasti</span> <span class='ocrx_word' id='word_1_137' title='bbox 967 2355 1138 2402; x_wconf 85' lang='lat' dir='ltr'>Iovem</span> <span class='ocrx_word' id='word_1_138' title='bbox 1162 2374 1170 2401; x_wconf 73' lang='grc' dir='ltr'>ε</span> 
     </span>
    </p>
   </div>
   <div class='ocr_carea' id='block_1_8' title="bbox 977 2456 1750 2459">
    <p class='ocr_par' dir='ltr' id='par_1_16' title="bbox 977 2456 1750 2459">
     <span class='ocr_line' id='line_1_31' title="bbox 977 2456 1750 2459; baseline 0 0"><span class='ocrx_word' id='word_1_139' title='bbox 977 2456 1750 2459; x_wconf 95' lang='lat' dir='ltr'> </span> 
     </span>
    </p>
   </div>
   <div class='ocr_carea' id='block_1_9' title="bbox 247 2494 1762 2658">
    <p class='ocr_par' dir='ltr' id='par_1_17' title="bbox 247 2494 1762 2658">
     <span class='ocr_line' id='line_1_32' title="bbox 309 2494 1757 2548; baseline -0.001 -11"><span class='ocrx_word' id='word_1_140' title='bbox 309 2498 325 2521; x_wconf 80' lang='lat'>1</span> <span class='ocrx_word' id='word_1_141' title='bbox 355 2499 396 2537; x_wconf 92' lang='lat' dir='ltr'>A</span> <span class='ocrx_word' id='word_1_142' title='bbox 429 2496 571 2537; x_wconf 79' lang='lat' dir='ltr'>Celtic</span> <span class='ocrx_word' id='word_1_143' title='bbox 603 2495 687 2548; x_wconf 80' lang='lat' dir='ltr'>god</span> <span class='ocrx_word' id='word_1_144' title='bbox 722 2494 953 2535; x_wconf 77' lang='lat' dir='ltr'>identified</span> <span class='ocrx_word' id='word_1_145' title='bbox 973 2495 1084 2534; x_wconf 83' lang='lat' dir='ltr'>with</span> <span class='ocrx_word' id='word_1_146' title='bbox 1105 2495 1278 2547; x_wconf 88' lang='lat' dir='ltr'>Apollo.</span> <span class='ocrx_word' id='word_1_147' title='bbox 1342 2495 1590 2535; x_wconf 77' lang='lat' dir='ltr'>Tertullian</span> <span class='ocrx_word' id='word_1_148' title='bbox 1612 2495 1757 2547; x_wconf 76' lang='lat' dir='ltr'>(Apol.</span> 
     </span>
     <span class='ocr_line' id='line_1_33' title="bbox 247 2549 1761 2603; baseline -0.001 -11"><span class='ocrx_word' id='word_1_149' title='bbox 247 2554 318 2600; x_wconf 78' lang='lat'>24)</span> <span class='ocrx_word' id='word_1_150' title='bbox 352 2551 532 2603; x_wconf 79' lang='lat' dir='ltr'>regards</span> <span class='ocrx_word' id='word_1_151' title='bbox 566 2551 656 2590; x_wconf 87' lang='lat' dir='ltr'>him</span> <span class='ocrx_word' id='word_1_152' title='bbox 689 2563 736 2589; x_wconf 87' lang='lat' dir='ltr'>as</span> <span class='ocrx_word' id='word_1_153' title='bbox 771 2549 982 2601; x_wconf 79' lang='lat' dir='ltr'>specially</span> <span class='ocrx_word' id='word_1_154' title='bbox 1012 2549 1254 2589; x_wconf 84' lang='lat' dir='ltr'>connected</span> <span class='ocrx_word' id='word_1_155' title='bbox 1282 2550 1392 2589; x_wconf 70' lang='lat' dir='ltr'>with</span> <span class='ocrx_word' id='word_1_156' title='bbox 1424 2549 1667 2590; x_wconf 86' lang='lat' dir='ltr'>Noricum:</span> <span class='ocrx_word' id='word_1_157' title='bbox 1699 2551 1761 2590; x_wconf 91' lang='lat' dir='ltr'>in-</span> 
     </span>
     <span class='ocr_line' id='line_1_34' title="bbox 249 2603 1762 2658; baseline -0.001 -12"><span class='ocrx_word' id='word_1_158' title='bbox 249 2607 486 2658; x_wconf 78' lang='lat' dir='ltr'>scriptions</span> <span class='ocrx_word' id='word_1_159' title='bbox 506 2605 696 2657; x_wconf 75' lang='lat' dir='ltr'>relating</span> <span class='ocrx_word' id='word_1_160' title='bbox 717 2609 764 2644; x_wconf 85' lang='lat' dir='ltr'>to</span> <span class='ocrx_word' id='word_1_161' title='bbox 786 2604 876 2643; x_wconf 74' lang='lat' dir='ltr'>this</span> <span class='ocrx_word' id='word_1_162' title='bbox 897 2603 982 2654; x_wconf 78' lang='lat' dir='ltr'>god</span> <span class='ocrx_word' id='word_1_163' title='bbox 1002 2617 1077 2643; x_wconf 84' lang='lat' dir='ltr'>are</span> <span class='ocrx_word' id='word_1_164' title='bbox 1098 2603 1236 2643; x_wconf 86' lang='lat' dir='ltr'>found</span> <span class='ocrx_word' id='word_1_165' title='bbox 1263 2604 1427 2657; x_wconf 78' lang='lat' dir='ltr'>mostly</span> <span class='ocrx_word' id='word_1_166' title='bbox 1449 2604 1495 2643; x_wconf 92' lang='lat' dir='ltr'>in</span> <span class='ocrx_word' id='word_1_167' title='bbox 1515 2605 1592 2644; x_wconf 78' lang='lat' dir='ltr'>‘che</span> <span class='ocrx_word' id='word_1_168' title='bbox 1613 2604 1762 2658; x_wconf 88' lang='lat' dir='ltr'>region</span> 
     </span>
    </p>
   </div>
   <div class='ocr_carea' id='block_1_10' title="bbox 257 2701 350 2742">
    <p class='ocr_par' dir='ltr' id='par_1_18' title="bbox 257 2701 350 2742">
     <span class='ocr_line' id='line_1_35' title="bbox 257 2701 350 2742; baseline -0.022 -11"><span class='ocrx_word' id='word_1_169' title='bbox 257 2701 350 2742; x_wconf 87' lang='lat'>104</span> 
     </span>
    </p>
   </div>
  </div>
 </body>
</html>
