1871 3046
767 658 1022 716 LIBER
1075 659 1163 715 lX

755 848 846 894 DE
886 847 1175 894 BISSULA

578 1021 830 1066 AusoNius
873 1021 1036 1066 PAULO
1075 1038 1162 1067 suo
1201 1021 1247 1067 S.
1292 1021 1351 1068 D.

275 1141 540 1187 PERVINCIS
582 1139 824 1186 tandeml
871 1146 923 1186 et
966 1146 1143 1201 operta
1185 1156 1437 1185 musarum
1481 1155 1722 1196 mearum,

205 1246 333 1293 quae
382 1232 641 1275 initiorum
691 1229 891 1274 velabat
939 1230 1231 1286 obscuritas,
1276 1245 1576 1291 quamquam
1620 1244 1721 1273 non

205 1317 460 1380 profanus,
499 1320 751 1379 irrumpis,
792 1316 944 1363 Paule
985 1320 1248 1363 carissime.
1325 1320 1549 1379 quamvis
1587 1320 1720 1362 enin]

205 1414 258 1453 te
306 1424 408 1452 non
446 1410 552 1453 eius
590 1406 727 1468 vulgi
765 1409 1067 1463 existimem,
1098 1406 1231 1469 quod
1270 1407 1547 1453 Horatius2
1585 1414 1724 1453 arcet

206 1500 451 1558 ingressu,
477 1503 651 1542 tamen
682 1513 770 1542 sua
796 1498 976 1558 cuique
1004 1512 1158 1554 sacra,
1182 1512 1349 1558 neque
1375 1496 1509 1542 idem
1538 1496 1722 1554 Cereri,

207 1585 340 1648 quod
376 1585 578 1642 Libero,
605 1589 759 1631 etiam
784 1585 876 1631 sub
902 1584 1063 1630 isdem
1090 1584 1379 1631 cultoribus.
1454 1589 1722 1647 poematia,

207 1691 336 1737 quae
361 1678 412 1720 in
439 1674 694 1720 alumnam
719 1691 884 1721 meam
910 1674 1127 1720 luseram
1153 1674 1296 1720 rudia
1322 1681 1374 1720 et
1400 1676 1635 1722 incohata
1659 1675 1721 1721 ad

207 1764 515 1810 domesticae
576 1763 813 1809 solacium
880 1763 1180 1821 cantilenae,
1242 1781 1354 1809 cum
1415 1768 1522 1810 siue
1582 1771 1722 1811 metu

210 1853 454 1919 [laterent
470 1852 509 1919 3]
549 1860 602 1900 et
639 1870 818 1899 arcana
856 1856 1128 1900 securitate
1166 1853 1468 1911 fruerentur,
1499 1853 1722 1916 proferre

207 1942 271 1989 ad
323 1941 489 1988 lucem
545 1941 815 2003 caligantia
874 1944 1098 2003 coegisti.
1187 1942 1520 1988 verecundiae
1579 1959 1723 1989 meae

210 2030 404 2077 scilicet
429 2030 643 2092 spolium
670 2033 967 2091 concupisti,
1001 2036 1105 2087 aut,
1140 2037 1386 2093 quantum
1423 2032 1516 2077 tibi
1554 2034 1605 2076 in
1641 2048 1722 2078 me

208 2124 328 2168 iuris
355 2126 504 2177 esset,
524 2120 586 2165 ab
607 2122 765 2165 invito
791 2119 1012 2165 indicari.
1076 2135 1140 2165 ne
1170 2126 1222 2165 tu
1251 2119 1527 2166 Alexandri
1557 2120 1722 2166 Mace—

210 2210 354 2257 donis
395 2212 725 2272 pervicaciam
765 2224 1133 2271 supergressus,
1161 2211 1261 2270 qui,
1288 2208 1454 2254 fatalis
1485 2212 1587 2269 iugi
1619 2208 1721 2254 lora

376 2326 390 2348 1
422 2324 514 2365 MS.
542 2325 647 2364 used
670 2324 730 2376 by
750 2323 1013 2364 Accm'sz‘us:
1046 2328 1208 2371 tamen,
1240 2323 1406 2374 Pelper.

374 2380 389 2403 ²
420 2379 542 2427 Odes,
571 2391 639 2419 ΙΙΙ.
666 2380 692 2419 i.
728 2380 761 2418 l.
826 2377 911 2418 Odi
934 2378 1165 2430 profanum
1195 2378 1352 2430 vulgus
1379 2384 1421 2417 et
1451 2393 1588 2418 arceo.

376 2433 393 2459 3
421 2434 572 2486 Suppl.
600 2433 760 2484 Peiper
783 2434 843 2484 (in
867 2434 1140 2484 apparatus).

270 2543 279 2567 ¹
311 2543 356 2584 It
379 2556 468 2583 was
488 2542 610 2583 fated
634 2542 736 2582 that
759 2542 1011 2582 whosoever
1032 2542 1161 2581 could
1185 2543 1308 2581 untwie
1329 2543 1406 2582 the
1429 2542 1539 2582 knot
1560 2543 1721 2582 fasten-

213 2601 287 2651 iug
308 2599 385 2638 the
406 2598 521 2651 yoke
543 2601 592 2638 to
614 2597 690 2637 the
716 2597 888 2637 chariot
917 2596 963 2636 of
992 2596 1198 2645 Gordius,
1233 2597 1339 2650 king
1369 2597 1413 2636 of
1443 2597 1655 2638 Gordium
1678 2599 1722 2638 in

221 2677 314 2722 216

1849 1191 1871 1395 :munna
1859 1119 1871 1143 -.
