1871 3046
807 202 1163 251 AUSONIUS

237 335 453 394 spiritus,
479 340 536 380 ut
560 338 715 397 raptis
740 334 992 397 quondam
1019 352 1107 396 per
1130 324 1282 383 inane
1307 334 1516 397 flagellis
1552 332 1555 335 ’

236 429 353 459 aura
376 421 549 477 crepat
573 422 809 478 motoque
835 416 1067 462 adsibilat
1092 433 1206 462 aere
1234 423 1427 464 ventus

237 495 468 542 exultant
491 496 619 542 udae
645 514 793 559 super
819 497 956 543 arida
981 514 1096 544 saxa
1120 501 1323 559 rapinae

236 575 530 640 luciferique
556 584 742 639 pavent
767 578 937 624 letalia
961 579 1064 624 tela
1088 578 1202 624 diei.
1638 581 1732 626 260

236 662 414 720 cuique
440 660 530 705 sub
555 676 702 705 amne
730 676 817 705 suo
842 663 1026 706 mansit
1052 663 1205 722 vigor,
1232 677 1347 706 aere
1371 667 1543 707 nostro

234 744 402 800 segnis
426 739 674 786 anhelatis
701 744 852 786 vitam
880 745 1128 787 consumit
1152 745 1203 786 in
1229 745 1371 788 auris.

234 823 331 865 iam
357 824 501 881 piger
524 821 741 866 invalido
767 823 989 868 vibratur
1014 839 1218 884 corpore
1243 823 1459 885 plausus,

233 902 431 963 torpida
455 919 711 964 supremos
737 907 928 965 patitur
952 907 1049 949 iam
1076 905 1232 950 cauda
1256 912 1499 952 tremores

233 999 326 1029 nec
350 990 536 1029 coeunt
559 987 726 1043 rictus,
756 984 957 1030 haustas
983 985 1072 1031 sed
1099 986 1315 1032 hiatibus
1341 1004 1483 1033 auras
1638 988 1731 1033 265

232 1064 400 1111 reddit
424 1064 706 1111 mortiferos
733 1069 963 1127 expirans
990 1067 1227 1112 branchia
1251 1068 1407 1114 flatus.

232 1150 317 1203 sic,
342 1148 425 1192 ubi
451 1146 653 1193 fabriles
680 1154 885 1194 exercet
909 1151 1111 1210 spiritus
1136 1152 1295 1211 ignes,

231 1231 413 1290 accipit
437 1228 633 1275 alterno
658 1228 962 1291 cohibetque
988 1229 1231 1276 foramine
1257 1239 1434 1280 ventos

230 1309 376 1355 lanea
400 1310 612 1372 fagineis
637 1311 883 1358 adludens
909 1329 1080 1374 parma
1105 1317 1342 1360 cavernis.

231 1392 332 1437 vidi
357 1398 560 1454 egomet
585 1393 824 1455 quosdam
849 1393 940 1439 leti
966 1394 1057 1440 sub
1084 1394 1180 1440 fine
1206 1401 1485 1443 trementes
1637 1397 1731 1444 ‘270

231 1473 491 1535 collegisse
516 1477 720 1532 animas,
746 1491 860 1519 mox
887 1479 938 1520 in
965 1475 1177 1521 sublime
1204 1480 1383 1523 citatos

230 1571 414 1601 cernua
438 1556 717 1602 subiectum
744 1573 982 1618 praeceps
1008 1557 1125 1602 dare
1152 1573 1357 1620 corpora
1381 1562 1434 1604 in
1458 1576 1674 1617 amnem,

229 1636 608 1698 desperatarum
632 1642 889 1699 potientes
914 1655 1080 1684 rursus
1105 1655 1358 1701 aquarum.

230 1736 352 1781 quos
376 1723 535 1781 impos
562 1719 731 1764 damni
757 1736 882 1781 puer
906 1720 1218 1767 inconsultus
1244 1723 1306 1767 ab
1331 1723 1434 1769 alto

228 1804 431 1861 impetit
456 1807 508 1846 et
534 1800 716 1846 stolido
741 1808 910 1862 captat
935 1818 1171 1863 prensare
1196 1810 1387 1851 natatu.
1635 1805 1728 1852 275

229 1886 298 1928 sic
323 1883 679 1929 Anthedonius
705 1883 912 1929 Boeotia
937 1900 1026 1945 per
1051 1884 1182 1930 freta
1208 1885 1442 1943 Glaucus,

228 1968 453 2025 gramina
476 1970 681 2025 gustatu
709 1971 973 2026 postquam
999 1965 1219 2010 exitialia
1244 1967 1408 2014 Circes

228 2051 465 2107 expertus
491 2052 685 2107 carptas
710 2046 1020 2091 moribundis
1046 2047 1260 2106 piscibus
1286 2047 1465 2095 herbas

226 2130 454 2188 sumpsit,
480 2126 803 2189 Carpathium
830 2128 982 2173 subiit
1007 2144 1164 2173 novus
1189 2129 1356 2174 accola
1382 2137 1605 2192 pontum.

226 2207 310 2254 ille
338 2208 495 2254 hamis
522 2215 574 2254 et
599 2215 708 2254 rete
735 2215 931 2270 potens,
958 2216 1202 2255 scrutator
1226 2215 1388 2271 operti
1631 2216 1726 2261 280

227 2289 432 2346 Nereos,
459 2306 757 2351 aequoream
782 2290 956 2336 solitus
983 2307 1277 2337 converrere
1304 2293 1523 2357 Tethyn,

226 2374 358 2416 inter
383 2375 602 2432 captivas
628 2371 841 2417 fluitavit
866 2372 1051 2432 praedo
1078 2379 1313 2419 catervas.

291 2452 429 2498 Talia
454 2453 755 2514 despectant
779 2453 930 2514 longo
956 2470 1046 2514 per
1071 2455 1269 2500 caerula
1293 2462 1457 2503 tractu

223 2534 507 2595 pendentes
533 2537 660 2580 Saxis
686 2537 895 2580 instanti
922 2533 1140 2581 culmine
1168 2535 1330 2594 villae,

225 2688 319 2730 244
