1871 3046
841 199 1198 247 AUSONIUS

468 349 583 378 mox
609 332 728 378 inde
755 335 937 378 cursim
961 348 1100 378 more
1125 336 1365 379 torrentis
1391 332 1510 379 freti

537 416 656 462 epos
680 399 849 462 ligasti
879 403 1163 456 metricum,
1715 401 1775 446 10

469 475 525 515 ut
549 467 717 514 nullus
741 484 902 531 aequa
926 467 1041 530 lege
1066 467 1195 514 liber
1221 471 1498 514 carminum

534 539 815 582 orationem
843 542 1055 583 texeret.

468 604 722 651 celebrata
747 607 881 650 varie
907 607 1046 650 cuius
1074 603 1365 666 eloquentia

534 672 671 718 domi
695 671 915 734 forisque
943 671 1123 717 claruit
1143 688 1152 716 z

467 756 554 785 seu
581 746 636 785 tu
663 739 881 785 cohortis
908 739 1192 800 praesulem
1218 742 1498 801 praetoriae
1716 741 1773 786 15

534 809 902 868 provinciarum
929 813 1016 852 aut
1042 807 1233 852 iudices

466 874 674 931 colereS,
699 874 905 920 tuendis
931 873 1134 920 additus
1160 874 1429 921 clientibus

535 941 698 988 famae
726 948 779 988 et
804 941 978 988 salutis
1004 945 1195 988 sauciis.

466 1009 604 1067 felix,
631 1013 816 1073 quietis
842 1013 881 1056 si
907 1027 1137 1057 maneres
1162 1010 1346 1057 litteris

533 1094 658 1141 opus
685 1077 1016 1124 Camenarum
1042 1078 1212 1125 colens
1715 1081 1775 1126 20

467 1163 562 1192 nec
588 1146 702 1192 odia
726 1149 923 1207 magnis
949 1149 1202 1193 concitata
1225 1145 1400 1192 litibus

533 1220 752 1260 armaret
779 1214 911 1260 ultor
936 1218 1156 1276 impetus

466 1299 561 1328 nec
586 1285 816 1344 inquieto
840 1285 1083 1344 temporis
1109 1285 1358 1345 tyrannici

534 1349 721 1412 palatio
747 1356 800 1396 te
825 1349 1112 1397 adtolleres.

467 1418 588 1464 dum
615 1434 754 1480 spem
783 1424 1028 1464 remotam
1054 1435 1254 1480 semper
1278 1422 1484 1465 arcessis
1510 1420 1625 1478 tibi,
1713 1421 1772 1466 25

534 1485 823 1532 fastidiosus
849 1487 1042 1544 obviae,

466 1560 714 1617 tuumque
739 1557 896 1600 mavis
923 1570 1031 1600 esse
1058 1570 1207 1617 quam
1234 1553 1327 1601 fati
1352 1556 1557 1613 bonum,

534 1622 835 1668 desiderasti
859 1622 1091 1684 plurima,

467 1707 621 1752 vagus
647 1707 737 1752 per
763 1707 936 1736 omnes
963 1690 1272 1752 dignitatum
1299 1690 1538 1738 formulas

532 1761 845 1821 meritusque
872 1758 1015 1820 plura
1042 1775 1190 1821 quam
1216 1775 1415 1821 gerens.
1712 1761 1774 1806 30

467 1826 601 1872 unde
628 1830 857 1872 insecuto
883 1830 1149 1872 criminum
1177 1833 1317 1873 motu
1343 1831 1480 1890 gravi

534 1893 750 1940 donatus
775 1898 1028 1940 aerumnis
1053 1898 1227 1956 patris,

464 1978 580 2008 mox
605 1962 724 2008 inde
751 1962 940 2020 rhetor,
965 1978 1060 2008 nec
1087 1962 1302 2008 docendi
1331 1966 1580 2024 pertinax,

531 2047 700 2076 curam
725 2029 955 2076 fefellisti
979 2036 1195 2092 patrum,

464 2101 629 2144 minus
654 2098 899 2144 malorum
924 2114 1135 2144 munere
1163 2105 1403 2160 expertus
1430 2098 1528 2156 dei,
1710 2100 1771 2145 35

530 2166 699 2212 medio
725 2166 860 2228 quod
884 2169 994 2212 aevi
1021 2172 1192 2227 raptus
1220 2182 1288 2223 es,

464 2250 631 2279 errore
658 2234 791 2296 quod
818 2250 920 2279 non
947 2233 1196 2279 deviantis
1223 2233 1352 2280 filiae

530 2318 795 2364 poenaque
822 2301 984 2347 laesus
1011 2305 1252 2363 coniugis.

319 2424 335 2448 1
367 2424 418 2463 In
451 2426 530 2464 358
562 2425 828 2477 Delphidius
863 2424 1111 2464 conducted
1138 2425 1212 2464 the
1245 2426 1569 2478 impeachment,
1603 2426 1648 2466 of
1681 2426 1771 2467 Nu·
1800 2456 1807 2459 -

261 2480 441 2528 merian‚
465 2492 681 2531 governor
701 2480 744 2518 of
765 2478 912 2518 Gallia
933 2478 1279 2529 Narbonnensis,
1298 2479 1447 2520 before
1467 2480 1635 2521 Julian.
1680 2481 1773 2521 The

259 2547 386 2573 scene
406 2533 608 2573 between
628 2533 781 2574 Julian
802 2533 888 2573 and
912 2533 1175 2586 Delphidius
1196 2535 1232 2574 is
1252 2534 1422 2575 related
1443 2534 1502 2587 by
1517 2536 1772 2576 Ammianus

261 2588 561 2637 Marcellinus,
589 2588 707 2629 xviii.
740 2590 772 2627 l.

268 2683 357 2727 106
