1871 3046
784 562 1041 620 LIBER
1090 562 1207 618 VII

631 729 1094 795 [ECLOGARUM
1138 726 1367 794 LIBER]

577 883 945 933 I.—Ausons
983 883 1249 929 DREPANIO
1288 883 1426 929 F1L10

446 984 477 1006 ζ(
494 979 584 1025 Cm
611 979 745 1026 dono
770 979 999 1041 lepidum
1024 996 1210 1025 novum
1236 979 1466 1026 libellum
1485 981 1502 1025 ?
1521 980 1547 994 ’'
1568 980 1587 1010 1

445 1048 754 1094 Veronensis
779 1051 849 1094 ait
877 1054 1028 1110 poeta
1055 1047 1310 1110 quondam

446 1120 758 1178 inventoque
785 1115 930 1161 dedit
956 1119 1128 1162 statim
1156 1115 1358 1178 Nepoti.

444 1191 497 1230 at
522 1200 612 1230 nos
636 1184 936 1246 inlepidum,
962 1184 1142 1229 rudem
1167 1183 1415 1242 libellum,

446 1253 635 1310 burras,
662 1252 953 1314 quisquilias
979 1255 1314 1314 ineptiasque,
1730 1252 1757 1297 5

447 1320 713 1366 credemus
739 1323 931 1382 gremio
958 1323 1036 1366 cui
1063 1320 1373 1365 fovendum?

446 1391 634 1445 inveni,
660 1388 892 1450 trepidae
919 1387 1066 1434 silete
1092 1404 1275 1450 nugae,

447 1473 542 1502 nee
569 1456 775 1502 doctum
800 1459 966 1501 minus
994 1462 1047 1502 et
1071 1460 1232 1517 magis
1256 1457 1554 1518 benignum,

448 1540 599 1586 quam
625 1540 776 1586 quem
805 1524 968 1570 Gallia
994 1524 1230 1585 praebuit
1257 1523 1467 1570 Catullo.

448 1591 542 1638 hoc
568 1592 736 1638 nullus
762 1592 887 1637 mihi
913 1595 1071 1637 carior
1095 1608 1340 1649 meorum,
1699 1591 1760 1638 10

449 1676 601 1722 quem
626 1660 782 1722 pluris
808 1660 1002 1706 faciunt
1027 1676 1209 1706 novem
1236 1676 1445 1717 sorores,

449 1745 599 1791 quam
625 1735 834 1774 cunctos
859 1728 981 1774 alios
1010 1728 1219 1774 Marone
1247 1728 1471 1790 dempto.

450 1802 480 1822 ⁶<
499 1796 738 1843 Pacatum
765 1796 889 1842 haut
914 1795 1085 1854 dubie,
1110 1803 1278 1858 poeta,
1304 1796 1461 1842 dieis?
1482 1796 1509 1810 ''

449 1868 556 1926 ipse
584 1871 675 1910 est.
749 1864 1004 1926 intrepide
1033 1864 1215 1921 volate,
1241 1881 1431 1921 versus,

451 1939 505 1978 et
529 1932 706 1978 nidum
732 1935 783 1977 in
810 1935 1003 1994 gremio
1028 1931 1198 1978 fovete
1224 1938 1350 1978 tuto.
1699 1931 1758 1977 15

454 2000 533 2045 hic
558 2017 644 2046 vos
671 2000 901 2062 diligere,
929 2000 1010 2045 hic
1037 2000 1174 2046 volet
1198 2003 1359 2055 tuerig

451 2068 761 2130 ignoscenda
786 2074 948 2129 teget,
973 2069 1183 2130 probata
1208 2067 1408 2113 tradet:

450 2142 565 2197 post
589 2135 724 2182 hune
749 2136 991 2181 iudicium
1016 2139 1197 2182 timete
1224 2135 1435 2181 nullum.
1509 2134 1633 2181 vale.

305 2294 522 2341 IL—Ex
562 2295 768 2341 GRAECO
809 2295 1211 2340 PYTHAGORICUM
1252 2310 1314 2339 DE
1352 2294 1709 2340 AMBIGUITATE

758 2363 1050 2408 ELIGENDAE
1089 2363 1249 2408 VITAE

248 2460 399 2518 QUOD
425 2461 557 2505 vitae
585 2459 815 2505 sectabor
839 2461 953 2516 iter,
980 2462 1019 2504 si
1044 2459 1196 2521 plena
1220 2458 1443 2506 tumultu

247 2534 366 2574 sunt
391 2526 513 2584 fora,
540 2530 579 2572 si
606 2529 734 2572 curis
760 2526 938 2572 domus
963 2530 1126 2585 anxia,
1152 2530 1191 2573 si
1217 2530 1510 2590 peregrinos

819 2635 834 2659 ¹
869 2635 1071 2676 Catullus
1092 2637 1118 2677 i.
1148 2639 1181 2676 1.

257 2696 343 2739 162
