1871 3046
830 225 1188 272 AUSONIUS

253 373 365 402 cum
393 373 481 402 sua
505 356 702 419 dignati
726 360 1018 419 tinguentia
1042 363 1448 419 promeruerunt.

321 438 388 484 Et
415 438 643 485 Christus
668 442 899 501 regimen
925 439 1193 485 elementis
1219 441 1517 500 inrequietis

250 518 352 566 fert
377 518 566 565 undam
590 520 775 566 medici
801 521 1117 582 baptismatis
1144 522 1453 576 intemerati,

250 608 309 648 ut
331 618 513 648 noxam
539 601 764 648 auferret
789 600 1085 647 mortalibus
1112 606 1453 646 extenuatam.

319 683 452 730 Crux
477 700 671 745 poenae
699 689 985 728 extremum
1010 688 1279 743 properata
1302 681 1625 740 inmaculato,

251 771 308 811 ut
332 768 486 810 vitam
513 767 745 809 amissam
771 770 1039 809 renovaret
1063 762 1411 821 mortificatus,

250 853 329 892 tot
353 863 521 892 rerum
546 845 710 892 titulis
736 845 981 891 obnoxius
1006 845 1401 891 immodicarum.

319 927 445 985 Quis
471 927 627 989 digne
653 926 858 973 domino
884 931 1152 989 praeconia
1177 929 1530 975 continuabit?

250 1023 315 1051 an
340 1012 475 1052 terra
500 1006 721 1052 humano
747 1005 1027 1068 locupletat
1053 1013 1466 1064 commemoratu,

250 1105 402 1151 quem
427 1105 607 1135 vocum
632 1095 873 1135 resonant
897 1089 1187 1135 modulatus
1212 1089 1592 1152 angelicarum?

320 1171 460 1217 Dans
485 1171 652 1216 aulam
679 1170 940 1233 Stephano
966 1174 1242 1233 pretiosam
1269 1171 1566 1234 dilapidato,

249 1253 375 1300 dans
401 1253 566 1299 claves
592 1269 796 1315 superas
823 1252 1102 1298 cathedrali
1128 1252 1427 1311 incohatori,

249 1338 373 1398 quin
401 1334 610 1381 Paulum
636 1334 881 1380 infestum
907 1334 1155 1396 copulasti
1180 1334 1548 1397 adglomeratu.

317 1417 401 1464 Fit
425 1417 604 1463 doctor
628 1416 804 1478 populi
828 1416 1146 1478 lapidantum
1173 1417 1574 1475 constimulator,

249 1506 308 1546 ut
331 1499 460 1545 latro
487 1497 743 1544 confessor
767 1498 1054 1560 paradisum
1080 1501 1417 1560 participavit,

249 1584 335 1639 sic,
362 1580 531 1639 credo,
556 1580 836 1626 adnectens
862 1580 1109 1626 dirissima
1134 1579 1477 1628 clarificandis.

320 1664 424 1709 Nos
451 1679 586 1710 seros
612 1662 826 1708 famulos
851 1661 1145 1708 adcrescere
1171 1666 1475 1724 perpetieris

250 1746 342 1791 sub
366 1744 457 1791 tali
483 1744 690 1791 edoctos
716 1747 947 1790 antistite
973 1743 1251 1805 relligionis
1272 1760 1282 1799 3

250 1827 314 1873 da
340 1843 544 1873 sensum
570 1825 729 1872 solida
754 1825 1035 1872 stabilitum
1063 1825 1380 1872 credulitate.

318 1909 416 1954 Fac
442 1912 622 1971 iungar
648 1924 859 1954 numero
885 1907 1108 1953 redivivo
1133 1907 1456 1969 glorificatus,

248 1991 313 2037 ad
340 1990 535 2036 caelum
562 1993 781 2036 invitans
807 1992 1058 2035 consortia
1082 1992 1470 2051 terrigenarum,

248 2088 372 2130 SPEs,
398 2088 538 2130 DEus,
564 2086 826 2117 AETERNAE
851 2085 1102 2116 STAT10N1s
1127 2072 1483 2117 coNanAToR!

628 2328 1063 2376 IV.——-EP1CE1)10N
1103 2343 1153 2373 IN
1194 2328 1403 2374 PATREM

1705 684 1767 729 25

1706 847 1767 892 28

1705 931 1767 978 27

1706 1009 1767 1054 29

1705 1091 1769 1137 30

1704 1500 1767 1546 35

1704 1909 1768 1956 40

321 2448 447 2494 PosT
484 2447 637 2494 deum
675 2464 875 2510 semper
912 2455 1109 2510 patrem
1136 2449 1266 2495 colui
1292 2449 1666 2513 secundamque
1691 2467 1765 2497 re-

251 2534 532 2577 verentiam
569 2532 788 2592 genitori
824 2546 938 2575 meo
974 2529 1140 2577 debui.
1215 2535 1444 2594 sequitur
1480 2548 1601 2594 ergo
1633 2531 1763 2578 hanc

250 2615 432 2659 summi
452 2612 536 2659 dei
557 2614 937 2658 venerationem
959 2612 1224 2674 epicedion
1244 2617 1399 2676 patris
1418 2617 1531 2660 mei.
1584 2614 1763 2662 titulus

252 2719 317 2762 40
