1871 3046
874 632 1123 688 LIBER
1172 632 1225 686 V

474 797 1062 845 COMMEMORATIO
1115 797 1624 846 PROFESSORUM

724 875 1368 924 BURDIGALENSIUM

911 1026 1194 1072 PRAEFATIO

300 1138 336 1182 V
341 1154 393 1183 os
419 1140 591 1195 etiam,
617 1153 740 1200 quos
766 1136 905 1182 nulla
928 1136 1053 1182 mihi
1079 1139 1314 1199 cognatio
1339 1139 1521 1193 iunxit,

363 1212 441 1252 set
466 1205 599 1250 fama
625 1211 678 1251 et
704 1221 846 1251 carae
872 1204 1070 1267 relligio
1096 1208 1305 1267 patriae,

296 1281 350 1321 et
376 1273 601 1320 studium
621 1276 673 1318 in
697 1272 837 1319 libris
863 1280 916 1319 et
942 1272 1117 1319 sedula
1141 1289 1258 1319 cura
1282 1272 1516 1329 docendi,

363 1341 767 1387 commemorabo
792 1345 920 1386 viros
944 1347 1109 1386 morte
1135 1342 1272 1387 obita
1298 1340 1538 1386 celebres.

294 1409 394 1456 fors
420 1413 536 1467 erit,
561 1415 619 1455 ut
644 1415 841 1455 nostros
867 1424 1041 1455 manes
1067 1412 1136 1455 sic
1162 1408 1362 1455 adserat
1388 1408 1523 1464 olim,
1777 1408 1804 1453 5

365 1477 599 1539 exemplo
625 1480 798 1539 cupiet
823 1480 908 1539 qui
934 1480 1045 1539 pius
1072 1493 1180 1523 esse
1205 1493 1333 1523 meo,

471 1677 820 1724 I.—-T1131-:fuus
860 1678 1049 1723 VICTOR
1090 1678 1377 1723 MINERVIUS
1416 1677 1628 1724 ORATOR

298 1789 489 1834 PffiMUs
516 1788 816 1850 Burdigalae
844 1788 1078 1834 columen
1104 1787 1289 1845 dicere,
1321 1788 1552 1845 Minervi,

363 1857 492 1903 alter
516 1857 798 1903 rhetoricae
826 1855 1143 1913 Quintiliane
1168 1862 1333 1918 togae.

296 1925 535 1971 inlustres
561 1924 817 1988 quondam
842 1940 940 1987 quo
966 1930 1295 1985 praeceptore
1322 1923 1531 1970 fuerunt

367 1992 846 2055 Constantinopolis,
877 1992 1048 2049 Roma,
1073 1991 1259 2037 dehinc
1286 1995 1462 2053 patria,

298 2078 399 2107 non
425 2060 663 2124 equidem
689 2066 889 2107 certans
916 2076 1029 2105 cum
1054 2062 1320 2105 maiestate
1346 2059 1574 2117 duarum,
1777 2059 1804 2104 5

365 2129 469 2175 solo
494 2135 573 2175 set
597 2132 762 2191 potior
786 2131 1010 2185 nomine,
1034 2127 1169 2189 quod
1194 2130 1356 2189 patria
1379 2144 1388 2172 :

297 2197 498 2243 adserat
523 2213 681 2259 usque
707 2196 828 2242 licet
855 2196 1063 2241 Fabium
1090 2195 1370 2257 Calagurris
1395 2195 1672 2252 alumnum,

366 2281 469 2311 non
494 2268 559 2311 sit
585 2264 886 2326 Burdigalae
912 2263 1034 2309 dum
1059 2262 1300 2309 cathedra
1323 2262 1542 2309 inferior.

297 2333 437 2379 mille
463 2332 569 2379 foro
594 2332 739 2379 dedit
761 2331 842 2377 hic
867 2335 1090 2388 iuvenes,
1119 2331 1192 2377 bis
1217 2331 1356 2378 mille
1382 2337 1586 2377 senatus

366 2401 553 2447 adiecit
577 2416 788 2446 numero
814 2402 1179 2462 purpureisque
1204 2402 1337 2462 togis
1360 2415 1371 2455 ;
1748 2398 1807 2444 10

354 2552 367 2577 1
399 2551 648 2603 According
688 2563 734 2591 to
773 2552 949 2592 ‚Jerome
988 2552 1183 2602 (Chrom,
1217 2552 1390 2605 Olymp.
1421 2553 1533 2601 283),
1564 2551 1809 2591 Minervius

301 2606 538 2647 flourished
558 2610 606 2646 at
630 2606 767 2645 Rome
788 2606 830 2645 in
853 2607 931 2646 358
953 2619 1044 2647 Ap.

303 2687 365 2745 96
