1871 3046
807 200 1164 248 AUSONIUS

229 340 282 381 in
306 339 521 399 patriam
546 335 635 382 sed
660 342 713 382 te
740 334 914 381 sedem
938 349 995 379 ac
1020 339 1353 379 monumenta
1378 340 1580 379 tuorum

296 427 535 487 principis
562 423 781 486 Augusti
807 425 1033 469 restituit
1059 424 1234 483 pietas.

229 513 346 559 hinc
371 520 581 560 renovat
605 529 804 559 causam
830 511 1047 556 lacrimis
1074 516 1127 556 et
1152 509 1318 555 flebile
1339 527 1521 555 munus

295 618 492 648 annuus
517 605 718 663 ingrata
743 598 1009 661 relligione
1037 597 1157 644 dies.
1681 598 1742 643 20

463 792 583 837 XVI
596 791 991 837 L—EXUPERIUS
1034 792 1243 837 RHETOR
1282 791 1509 836 TOLOSAE

229 903 472 959 EXUPERI,
498 901 825 948 memorande
850 901 991 958 mihi,
1016 901 1235 948 facunde
1263 905 1371 947 sine
1398 908 1524 959 arte,

227 995 424 1037 incessu
451 993 615 1052 gravis
641 996 694 1036 et
720 990 885 1036 verbis
910 991 1220 1052 ingentibus,
1249 1007 1335 1036 ore

228 1080 441 1144 pulcher
461 1085 513 1126 et
533 1079 597 1124 ad
613 1095 860 1125 summam
879 1086 1123 1142 motuque
1143 1079 1424 1142 habituque
1448 1086 1660 1126 venusto
1682 1097 1690 1126 ε

230 1174 374 1234 copia
399 1173 480 1216 cui
506 1168 647 1214 fandi
672 1168 824 1231 longe
850 1168 1205 1231 pulcherrima,
1232 1185 1382 1231 quarn
1409 1172 1449 1214 si

229 1259 406 1306 auditu
433 1265 585 1304 tenus
609 1262 881 1320 acciperes,
907 1257 1091 1304 deflata
1117 1257 1357 1319 placeret,
1721 1260 1748 1304 5

230 1351 504 1397 discussam
531 1351 682 1393 scires
709 1346 855 1393 solidi
880 1346 1004 1392 nihil
1035 1346 1188 1393 edere
1214 1363 1403 1394 sensus.

234 1438 485 1485 Palladiae
510 1442 728 1501 primum
754 1443 873 1498 toga
899 1444 953 1483 te
980 1443 1220 1482 venerata
1247 1436 1457 1482 Tolosae

230 1545 347 1574 mox
371 1528 569 1591 pepulit
593 1528 804 1574 levitate
830 1530 950 1588 pari.
1025 1526 1197 1571 Narbo
1223 1526 1342 1572 inde
1369 1531 1575 1588 recepit.

230 1617 332 1663 illic
360 1616 618 1664 Dalmatio
643 1618 861 1678 genitos,
888 1614 1061 1661 fatalia
1086 1631 1265 1677 regum

232 1710 452 1764 nomina,
479 1714 590 1753 tum
617 1721 814 1768 pueros,
843 1704 1021 1767 grandi
1046 1704 1283 1750 mercede
1311 1704 1527 1750 docendi
1689 1705 1748 1750 10

231 1794 458 1841 formasti
484 1794 657 1841 rhetor
682 1800 872 1840 metam
897 1810 1054 1856 prope
1080 1793 1284 1855 puberis
1308 1797 1432 1841 aevi.

233 1886 531 1932 Caesareum
558 1889 643 1948 qui
669 1901 784 1930 mox
810 1884 1009 1947 indepti
1036 1900 1223 1929 nomen
1249 1884 1491 1929 honorem

232 1974 475 2036 praesidis
502 1974 892 2036 Hispanumque
918 1974 1011 2019 tibi
1036 1973 1259 2018 tribuere
1284 1972 1519 2019 tribunal.

233 2063 489 2109 decedens
516 2062 738 2125 placidos
764 2078 928 2107 mores
953 2060 1327 2123 tranquillaque
1355 2064 1487 2107 vitae

233 2159 464 2214 tempora
489 2151 752 2214 praedives
778 2151 932 2196 finisti
958 2149 1077 2196 sede
1105 2149 1340 2195 Cadurca.
1688 2151 1746 2194 lo

234 2239 323 2287 sed
348 2243 540 2302 patriae
566 2246 619 2286 te
644 2243 752 2285 iura
778 2245 959 2285 vocant
985 2245 1037 2284 et
1063 2242 1202 2300 origo
1229 2245 1510 2300 parentum.

236 2328 536 2390 Burdigalae
563 2335 620 2374 ut
646 2344 841 2374 rursum
867 2343 1053 2373 nomen
1080 2327 1143 2373 de
1170 2327 1374 2373 rhetore
1401 2327 1595 2373 reddas.

333 2448 398 2488 Le.
426 2448 494 2487 his
514 2448 750 2499 eloquence
767 2461 856 2487 was
883 2451 909 2468 ‘⁴
930 2448 1010 2487 full
1031 2448 1075 2487 of
1098 2449 1237 2487 sound
1259 2448 1346 2488 and
1368 2448 1485 2501 fury,
1506 2449 1748 2502 signifying

235 2503 422 2555 nothing
436 2503 485 2550 ”3
529 2516 577 2542 or
607 2502 696 2542 like
726 2503 827 2542 that
857 2502 902 2541 of
930 2502 1007 2542 the
1034 2503 1260 2543 Professor
1295 2503 1339 2542 of
1369 2503 1580 2543 Rhetoric
1611 2504 1655 2542 in
1687 2504 1746 2543 Le

237 2557 470 2608 Bouryeois
493 2557 807 2597 Gentilhomme.

243 2695 334 2737 124

1862 2967 1871 2991 ..u
1865 2919 1871 2946 --
1863 2815 1871 2908 ,ΑΛΛ-
1860 2767 1871 2790 ,Δ
