1871 3046
760 190 1118 239 AUSONIUS

184 326 250 370 sit
275 322 506 381 solidum,
530 323 885 387 quodcumque
911 323 1102 379 subest,
1127 337 1221 367 nec
1248 324 1417 366 inania
1443 321 1618 367 subter

184 405 378 451 indicet
401 404 634 452 admotus
660 405 833 467 digitis
859 403 1169 465 pellentibus
1194 406 1340 460 ictus,

184 504 286 533 non
310 490 447 549 prius
472 490 525 533 in
550 487 750 533 dulcem
777 486 1037 532 declinans
1062 485 1253 530 lumina
1279 501 1528 542 somnum,

184 572 352 616 onmia
378 586 527 632 quam
552 569 692 631 longi
716 570 1029 631 reputaverit
1054 573 1165 613 acta
1192 566 1292 612 diei
1316 584 1324 612 :
1639 567 1697 613 15

184 668 313 714 quae
329 658 750 714 praetergressus,
769 650 889 713 quid
908 656 1110 711 gestum
1126 652 1179 694 in
1194 655 1442 712 tempore,
1460 648 1581 712 quid

320 750 423 778 non
440 735 458 779 ?

185 831 272 860 cur
297 818 380 860 isti
405 813 541 860 facto
568 814 721 860 decus
747 813 876 860 afuit
901 820 990 860 aut
1014 817 1142 860 ratio
1167 814 1275 859 illi?

185 896 305 960 quid
331 896 456 942 mihi
482 897 852 957 praeteritum?
891 913 978 941 cur
1001 895 1128 942 haec
1154 899 1412 942 sententia
1439 896 1587 954 sedit,

185 995 335 1041 quam
360 978 542 1024 melius
567 984 766 1024 mutare
793 977 925 1024 fuit?
963 981 1230 1025 miseratus
1258 985 1500 1041 egentem

185 1077 273 1106 cur
297 1060 518 1123 aliquem
545 1060 704 1106 fracta
729 1063 956 1122 persensi
983 1067 1158 1107 mente
1184 1059 1446 1107 dolorem?
1641 1061 1702 1108 20

186 1143 308 1206 quid
334 1142 482 1200 volui,
510 1142 646 1205 quod
671 1142 807 1188 nolle
834 1143 1024 1189 bonum
1049 1141 1218 1189 foret?
1256 1142 1382 1189 utile
1408 1142 1625 1190 honesto

186 1242 274 1271 cur
298 1225 459 1271 malus
484 1225 739 1271 antetuli?
778 1241 901 1271 num
927 1225 1065 1270 dicto
1090 1231 1178 1271 aut
1204 1224 1426 1287 denique
1452 1225 1590 1272 voltu

186 1311 485 1369 perstrictus
512 1307 812 1370 quisquam?
850 1323 937 1352 cur
961 1323 1043 1352 me
1070 1313 1251 1353 natura
1278 1310 1437 1369 magis
1465 1324 1614 1370 quam

188 1389 453 1451 disciplina
479 1388 672 1435 trahit?
711 1392 780 1435 sic
808 1388 944 1435 dicta
971 1395 1023 1435 et
1048 1387 1182 1435 facta
1207 1405 1298 1451 per
1324 1393 1491 1435 onmia

1644 1474 1669 1518 [Ο

1677 1473 1704 1519 U(

186 1472 480 1535 ingrediens
508 1479 719 1534 ortoque
747 1489 774 1516 a
798 1488 1008 1534 vespere
1036 1478 1218 1518 cuncta
1244 1472 1507 1518 revolvens

188 1555 406 1601 offensus
431 1557 595 1617 pravis
623 1553 712 1600 dat
735 1552 955 1616 palmam
984 1560 1036 1600 et
1061 1557 1283 1616 praemia
1310 1558 1474 1601 rectis.

520 1736 776 1783 1V.-NA1
814 1751 894 1780 ΚΑΙ
929 1751 987 1780 ογ
1023 1741 1377 1783 ΠΥΘΑΓΟΡΙΚΟΝ

190 1847 290 1892 EST
316 1853 368 1893 et
394 1847 510 1892 Non
536 1850 707 1892 cuncti
732 1846 1078 1909 monosyllaba
1103 1853 1224 1892 nota
1249 1846 1593 1910 frequentant.

190 1929 267 1976 his
294 1929 515 1991 demptis
542 1929 612 1974 nil
640 1935 734 1985 est,
760 1928 1022 1975 hominum
1050 1929 1184 1991 quod
1211 1946 1375 1975 sermo
1401 1930 1614 1976 volutet.

190 2014 358 2057 omnia
383 2014 435 2056 in
460 2010 537 2056 his
565 2017 617 2056 et
642 2011 705 2056 ab
731 2010 808 2056 his
834 2017 960 2060 sunt,
979 2014 1161 2067 omnia,
1189 2014 1290 2056 sive
1318 2015 1493 2073 negoti

191 2098 293 2141 sive
321 2097 392 2140 oti
419 2092 694 2156 quidquam
722 2099 816 2150 est,
842 2109 930 2138 seu
956 2092 1160 2138 turbida
1187 2096 1290 2138 sive
1317 2097 1501 2155 quieta.

191 2177 438 2223 alterutro
463 2178 652 2237 pariter
677 2191 1073 2237 nonnumquam,
1100 2191 1250 2236 saepe
1277 2179 1454 2222 seorsis
1676 2177 1704 2222 5

191 2260 445 2306 obsistunt
471 2257 667 2315 studiis,
693 2264 752 2303 ut
775 2273 939 2303 mores
965 2260 1330 2320 ingeniumque

191 2348 249 2388 ut
274 2340 448 2386 faciles
473 2339 554 2385 vel
579 2339 804 2385 difficiles
830 2343 1092 2385 contentio
1118 2347 1304 2386 nancta
1330 2347 1423 2387 est.

193 2427 233 2470 si
259 2424 592 2479 consentitur,
616 2437 754 2466 mora
779 2420 915 2466 nulla
942 2425 1220 2468 intervenit
1246 2427 1277 2448 ‘⁶
1294 2422 1386 2468 Est
1412 2422 1550 2480 Est,''

193 2509 271 2553 sin
296 2511 690 2562 controversum,
715 2503 958 2550 dissensio
985 2505 1201 2552 subiciet
1224 2509 1256 2531 “
1273 2505 1318 2550 N
1324 2505 1436 2550 on.⁷’

193 2589 312 2634 hinc
337 2588 443 2634 fora
469 2586 742 2634 dissultant
767 2586 1080 2645 clamoribus,
1108 2586 1225 2633 hinc
1251 2586 1425 2635 furiosi
1645 2587 1704 2634 10

203 2692 294 2740 170

1854 2676 1871 2735 *31*-
1859 2636 1871 2663 ,us
1851 2481 1871 2622 andam-:x
1864 2463 1871 2469 1
1857 2423 1871 2446 e:
1859 2401 1871 2407 ⁴.
1866 2367 1871 2386 ,„
