1871 3046
870 203 1224 252 AUSONIUS

284 338 531 401 longaeva
557 347 610 387 et
635 339 911 405 numquam
938 341 1103 388 dubiis
1130 340 1313 386 violata
1341 345 1566 401 potestas

351 411 403 453 in
429 411 576 455 terris
603 413 823 471 positum
850 409 1074 472 prodidit
1100 425 1208 455 esse
1236 407 1405 454 deum.

748 605 1153 651 Ili—Tmssmos
1195 604 1340 649 NERO

287 715 598 760 PRAENOMEN
626 716 797 762 Tiberi
823 724 1038 763 nanctus
1066 717 1202 763 Nero
1229 719 1389 778 prima
1414 718 1652 761 iuventae

353 788 584 844 tempora
609 784 814 830 laudato
838 789 997 847 gessit
1023 789 1075 831 in
1101 787 1329 847 imperio.

285 849 470 895 frustra
495 850 681 897 dehinc
708 852 812 898 solo
839 853 1143 915 Caprearum
1169 852 1365 899 clausus
1391 854 1443 896 in
1469 857 1631 908 antro,
1741 849 1801 895 15

352 933 481 979 quae
508 918 677 980 prodit
703 923 852 978 vitiis,
881 922 1043 968 credit
1069 927 1244 983 operta
1269 920 1406 967 locis.

724 1114 1080 1160 lV.—-CAESAR
1119 1114 1368 1161 CALIGULA

290 1223 414 1269 POST
438 1223 574 1269 hunc
601 1228 845 1270 castrensi
871 1225 1063 1287 caligae
1091 1228 1394 1287 cognomine
1413 1224 1428 1254 1
1457 1224 1636 1271 Caesar

354 1296 594 1338 successit
620 1309 768 1338 saevo
795 1297 986 1339 saevior
1011 1297 1235 1355 ingenio,

287 1359 524 1406 caedibus
550 1364 859 1422 incestisque
886 1361 1072 1407 dehinc
1098 1361 1381 1408 maculosus
1408 1367 1461 1407 et
1487 1363 1624 1406 omni

354 1431 563 1474 crimine
591 1427 841 1490 pollutum
868 1433 953 1492 qui
980 1432 1237 1491 superavit
1262 1446 1424 1475 avum.
1742 1427 1804 1473 20

740 1622 1123 1669 V.——CLAUD1US
1161 1622 1355 1668 CAESAR

289 1732 538 1778 CLAUDms
564 1736 746 1779 inrisae
773 1736 969 1794 privato
994 1736 1047 1778 in
1073 1739 1304 1794 tempore
1332 1736 1481 1789 vitae,

354 1803 406 1845 111
433 1817 591 1862 regno
616 1804 877 1863 specimen
903 1801 1130 1863 prodidit
1154 1804 1360 1863 ingenii.

287 1867 525 1914 libertina
550 1875 724 1915 tamen
750 1875 1024 1931 nuptarum
1052 1875 1104 1916 et
1130 1872 1339 1914 crimina
1364 1884 1535 1930 passus

358 1952 459 1982 non
486 1936 719 1983 faciendo
748 1953 952 1994 nocens,
981 1944 1060 1983 set
1084 1937 1327 1999 patiendo
1352 1936 1464 1983 fuit.

898 2131 1208 2178 VL-NERO

293 2241 583 2287 AENEADUM
609 2246 811 2304 generis
838 2245 923 2304 qui
949 2248 1121 2288 sextus
1148 2248 1201 2287 et
1225 2242 1433 2288 ultimus
1460 2241 1624 2298 heres,
1746 2241 1807 2286 25

360 2309 542 2370 polluit
569 2316 621 2356 et
648 2309 828 2356 clausit
855 2310 982 2355 Iulia
1009 2326 1146 2355 sacra
1175 2310 1324 2356 Nero.

291 2380 497 2423 nomina
522 2384 646 2439 quot
670 2381 846 2439 pietas,
876 2384 954 2424 tot
981 2377 1136 2423 habet
1162 2394 1362 2440 quoque
1391 2380 1598 2422 crimina
1624 2379 1770 2423 vitae.

360 2444 496 2491 disce
524 2462 586 2492 ex
611 2445 933 2508 Tranquillo:
972 2452 1050 2491 set
1073 2449 1363 2492 meminisse
1390 2448 1546 2507 piget.

350 2554 365 2577 ¹
397 2553 765 2605 Suet.0‹1129.ix
779 2554 1037 2607 Caligulae
1058 2568 1296 2607 cognomen
1317 2554 1532 2594 castrensi
1554 2554 1648 2593 ioco
1668 2554 1786 2593 tlaxi

293 2609 397 2660 quia
419 2609 743 2662 manipulorum
764 2609 919 2649 habitu
941 2610 1058 2649 inter
1080 2609 1242 2649 milites
1263 2609 1548 2649 educabatur.

296 2688 394 2746 336
