<?xml version="1.0" encoding="UTF-8"?>
<!DOCTYPE html PUBLIC "-//W3C//DTD XHTML 1.0 Transitional//EN"
    "http://www.w3.org/TR/xhtml1/DTD/xhtml1-transitional.dtd">
<html xmlns="http://www.w3.org/1999/xhtml" xml:lang="en" lang="en">
 <head>
  <title>
</title>
<meta http-equiv="Content-Type" content="text/html;charset=utf-8" />
  <meta name='ocr-system' content='tesseract 3.04.00' />
  <meta name='ocr-capabilities' content='ocr_page ocr_carea ocr_par ocr_line ocrx_word'/>
</head>
<body>
  <div class='ocr_page' id='page_1' title='image "ausonius00auso_0078.png"; bbox 0 0 1871 3046; ppageno 0'>
   <div class='ocr_carea' id='block_1_1' title="bbox 760 216 1118 264">
    <p class='ocr_par' dir='ltr' id='par_1_1' title="bbox 760 216 1118 264">
     <span class='ocr_line' id='line_1_1' title="bbox 760 216 1118 264; baseline 0.003 -1"><span class='ocrx_word' id='word_1_1' title='bbox 760 216 1118 264; x_wconf 88' lang='lat' dir='ltr'>AUSONIUS</span> 
     </span>
    </p>
   </div>
   <div class='ocr_carea' id='block_1_2' title="bbox 181 346 1696 2546">
    <p class='ocr_par' dir='ltr' id='par_1_2' title="bbox 181 346 1696 1564">
     <span class='ocr_line' id='line_1_2' title="bbox 185 346 1593 411; baseline -0.003 -17"><span class='ocrx_word' id='word_1_2' title='bbox 185 364 275 410; x_wconf 89' lang='lat' dir='ltr'>per</span> <span class='ocrx_word' id='word_1_3' title='bbox 298 363 436 394; x_wconf 86' lang='lat' dir='ltr'>mare</span> <span class='ocrx_word' id='word_1_4' title='bbox 461 347 776 411; x_wconf 83' lang='lat' dir='ltr'>navifragum</span> <span class='ocrx_word' id='word_1_5' title='bbox 802 348 1004 410; x_wconf 85' lang='lat' dir='ltr'>gradior</span> <span class='ocrx_word' id='word_1_6' title='bbox 1028 348 1185 410; x_wconf 88' lang='lat' dir='ltr'>pedes</span> <span class='ocrx_word' id='word_1_7' title='bbox 1212 353 1265 392; x_wconf 86' lang='lat' dir='ltr'>et</span> <span class='ocrx_word' id='word_1_8' title='bbox 1289 346 1420 391; x_wconf 84' lang='lat' dir='ltr'>freta</span> <span class='ocrx_word' id='word_1_9' title='bbox 1446 362 1593 391; x_wconf 89' lang='lat' dir='ltr'>cursu</span> 
     </span>
     <span class='ocr_line' id='line_1_3' title="bbox 183 436 1391 497; baseline -0.002 -16"><span class='ocrx_word' id='word_1_10' title='bbox 183 436 410 482; x_wconf 89' lang='lat' dir='ltr'>transilio</span> <span class='ocrx_word' id='word_1_11' title='bbox 434 442 488 482; x_wconf 85' lang='lat' dir='ltr'>et</span> <span class='ocrx_word' id='word_1_12' title='bbox 512 437 690 482; x_wconf 80' lang='lat' dir='ltr'><strong>subitis</strong></span> <span class='ocrx_word' id='word_1_13' title='bbox 716 436 870 482; x_wconf 91' lang='lat' dir='ltr'>volito</span> <span class='ocrx_word' id='word_1_14' title='bbox 895 452 1045 497; x_wconf 89' lang='lat' dir='ltr'>super</span> <span class='ocrx_word' id='word_1_15' title='bbox 1069 451 1185 480; x_wconf 88' lang='lat' dir='ltr'>aera</span> <span class='ocrx_word' id='word_1_16' title='bbox 1211 437 1391 495; x_wconf 87' lang='lat' dir='ltr'>pinnis.</span> 
     </span>
     <span class='ocr_line' id='line_1_4' title="bbox 183 522 1696 585; baseline -0.004 -14"><span class='ocrx_word' id='word_1_17' title='bbox 183 524 414 571; x_wconf 89' lang='lat' dir='ltr'>infandas</span> <span class='ocrx_word' id='word_1_18' title='bbox 438 528 593 571; x_wconf 90' lang='lat' dir='ltr'>etiam</span> <span class='ocrx_word' id='word_1_19' title='bbox 619 541 829 571; x_wconf 90' lang='lat' dir='ltr'>veneres</span> <span class='ocrx_word' id='word_1_20' title='bbox 854 528 1148 585; x_wconf 72' lang='lat' dir='ltr'>incestaque</span> <span class='ocrx_word' id='word_1_21' title='bbox 1174 525 1338 567; x_wconf 88' lang='lat' dir='ltr'>noctis</span> <span class='ocrx_word' id='word_1_22' title='bbox 1636 522 1696 567; x_wconf 87' lang='grc'>10</span> 
     </span>
     <span class='ocr_line' id='line_1_5' title="bbox 183 613 1544 675; baseline -0.004 -15"><span class='ocrx_word' id='word_1_23' title='bbox 183 613 433 660; x_wconf 87' lang='lat' dir='ltr'>dedecora</span> <span class='ocrx_word' id='word_1_24' title='bbox 458 620 512 660; x_wconf 88' lang='lat' dir='ltr'>et</span> <span class='ocrx_word' id='word_1_25' title='bbox 534 617 753 675; x_wconf 88' lang='lat' dir='ltr'>tragicos</span> <span class='ocrx_word' id='word_1_26' title='bbox 778 616 998 674; x_wconf 85' lang='lat' dir='ltr'>patimur</span> <span class='ocrx_word' id='word_1_27' title='bbox 1024 626 1114 672; x_wconf 88' lang='lat' dir='ltr'>per</span> <span class='ocrx_word' id='word_1_28' title='bbox 1139 613 1332 655; x_wconf 86' lang='lat' dir='ltr'>somnia</span> <span class='ocrx_word' id='word_1_29' title='bbox 1356 616 1544 655; x_wconf 85' lang='lat' dir='ltr'>coetus.</span> 
     </span>
     <span class='ocr_line' id='line_1_6' title="bbox 181 703 1571 766; baseline -0.004 -17"><span class='ocrx_word' id='word_1_30' title='bbox 181 703 471 766; x_wconf 84' lang='lat' dir='ltr'><strong>perfugium</strong></span> <span class='ocrx_word' id='word_1_31' title='bbox 495 710 669 749; x_wconf 86' lang='lat' dir='ltr'>tamen</span> <span class='ocrx_word' id='word_1_32' title='bbox 696 708 789 759; x_wconf 85' lang='lat' dir='ltr'>est,</span> <span class='ocrx_word' id='word_1_33' title='bbox 816 704 1051 763; x_wconf 87' lang='lat' dir='ltr'>quotiens</span> <span class='ocrx_word' id='word_1_34' title='bbox 1075 706 1314 762; x_wconf 87' lang='lat' dir='ltr'>portenta</span> <span class='ocrx_word' id='word_1_35' title='bbox 1338 715 1571 761; x_wconf 89' lang='lat' dir='ltr'>soporum</span> 
     </span>
     <span class='ocr_line' id='line_1_7' title="bbox 182 788 1388 854; baseline -0.004 -15"><span class='ocrx_word' id='word_1_36' title='bbox 182 793 331 839; x_wconf 88' lang='lat' dir='ltr'>solvit</span> <span class='ocrx_word' id='word_1_37' title='bbox 354 799 504 854; x_wconf 85' lang='lat' dir='ltr'>rupta</span> <span class='ocrx_word' id='word_1_38' title='bbox 527 791 720 854; x_wconf 90' lang='lat' dir='ltr'>pudore</span> <span class='ocrx_word' id='word_1_39' title='bbox 747 793 888 852; x_wconf 92' lang='lat' dir='ltr'>quies</span> <span class='ocrx_word' id='word_1_40' title='bbox 915 796 968 835; x_wconf 87' lang='lat' dir='ltr'>et</span> <span class='ocrx_word' id='word_1_41' title='bbox 992 791 1212 851; x_wconf 78' lang='lat' dir='ltr'>imagine</span> <span class='ocrx_word' id='word_1_42' title='bbox 1239 788 1388 835; x_wconf 88' lang='lat' dir='ltr'>foeda</span> 
     </span>
     <span class='ocr_line' id='line_1_8' title="bbox 181 877 1539 941; baseline -0.004 -14"><span class='ocrx_word' id='word_1_43' title='bbox 181 882 341 927; x_wconf 90' lang='lat' dir='ltr'>libera</span> <span class='ocrx_word' id='word_1_44' title='bbox 363 897 508 926; x_wconf 90' lang='lat' dir='ltr'>mens</span> <span class='ocrx_word' id='word_1_45' title='bbox 534 879 710 941; x_wconf 87' lang='lat' dir='ltr'>vigilat</span> <span class='ocrx_word' id='word_1_46' title='bbox 731 896 740 924; x_wconf 91' lang='lat'>:</span> <span class='ocrx_word' id='word_1_47' title='bbox 777 885 943 924; x_wconf 85' lang='lat' dir='ltr'>totum</span> <span class='ocrx_word' id='word_1_48' title='bbox 967 879 1100 924; x_wconf 93' lang='lat' dir='ltr'>bene</span> <span class='ocrx_word' id='word_1_49' title='bbox 1127 881 1325 924; x_wconf 88' lang='lat' dir='ltr'>conscia</span> <span class='ocrx_word' id='word_1_50' title='bbox 1347 877 1539 924; x_wconf 87' lang='lat' dir='ltr'>lectum</span> 
     </span>
     <span class='ocr_line' id='line_1_9' title="bbox 181 965 1694 1032; baseline -0.002 -17"><span class='ocrx_word' id='word_1_51' title='bbox 181 975 462 1032; x_wconf 76' lang='lat' dir='ltr'>pertractat</span> <span class='ocrx_word' id='word_1_52' title='bbox 486 985 660 1015; x_wconf 87' lang='lat' dir='ltr'>secura</span> <span class='ocrx_word' id='word_1_53' title='bbox 684 983 861 1013; x_wconf 89' lang='lat' dir='ltr'>manus</span> <span class='ocrx_word' id='word_1_54' title='bbox 881 985 890 1012; x_wconf 90' lang='lat'>:</span> <span class='ocrx_word' id='word_1_55' title='bbox 924 966 1162 1028; x_wconf 89' lang='lat' dir='ltr'>probrosa</span> <span class='ocrx_word' id='word_1_56' title='bbox 1186 965 1381 1012; x_wconf 84' lang='lat' dir='ltr'>recedit</span> <span class='ocrx_word' id='word_1_57' title='bbox 1635 967 1694 1012; x_wconf 81' lang='lat'>15</span> 
     </span>
     <span class='ocr_line' id='line_1_10' title="bbox 183 1056 1517 1121; baseline -0.004 -16"><span class='ocrx_word' id='word_1_58' title='bbox 183 1058 330 1121; x_wconf 84' lang='lat' dir='ltr'>culpa</span> <span class='ocrx_word' id='word_1_59' title='bbox 356 1061 454 1105; x_wconf 86' lang='lat' dir='ltr'>tori</span> <span class='ocrx_word' id='word_1_60' title='bbox 481 1064 533 1104; x_wconf 89' lang='lat' dir='ltr'>et</span> <span class='ocrx_word' id='word_1_61' title='bbox 558 1056 760 1119; x_wconf 83' lang='lat' dir='ltr'>profugi</span> <span class='ocrx_word' id='word_1_62' title='bbox 784 1062 1084 1101; x_wconf 81' lang='lat' dir='ltr'>manascunt</span> <span class='ocrx_word' id='word_1_63' title='bbox 1110 1058 1318 1101; x_wconf 86' lang='lat' dir='ltr'>crimina</span> <span class='ocrx_word' id='word_1_64' title='bbox 1343 1058 1517 1101; x_wconf 89' lang='lat' dir='ltr'>somni.</span> 
     </span>
     <span class='ocr_line' id='line_1_11' title="bbox 183 1144 1532 1208; baseline -0.003 -15"><span class='ocrx_word' id='word_1_65' title='bbox 183 1164 334 1193; x_wconf 89' lang='lat' dir='ltr'>cerno</span> <span class='ocrx_word' id='word_1_66' title='bbox 359 1146 736 1208; x_wconf 85' lang='lat' dir='ltr'>triumphantes</span> <span class='ocrx_word' id='word_1_67' title='bbox 760 1149 896 1191; x_wconf 88' lang='lat' dir='ltr'>inter</span> <span class='ocrx_word' id='word_1_68' title='bbox 920 1162 1002 1191; x_wconf 89' lang='lat' dir='ltr'>me</span> <span class='ocrx_word' id='word_1_69' title='bbox 1028 1144 1270 1206; x_wconf 89' lang='lat' dir='ltr'>plaudere</span> <span class='ocrx_word' id='word_1_70' title='bbox 1291 1161 1300 1189; x_wconf 92' lang='lat'>:</span> <span class='ocrx_word' id='word_1_71' title='bbox 1338 1161 1532 1190; x_wconf 87' lang='lat' dir='ltr'>rursum</span> 
     </span>
     <span class='ocr_line' id='line_1_12' title="bbox 182 1234 1303 1299; baseline -0.003 -16"><span class='ocrx_word' id='word_1_72' title='bbox 182 1240 316 1283; x_wconf 84' lang='lat' dir='ltr'>inter</span> <span class='ocrx_word' id='word_1_73' title='bbox 340 1240 563 1299; x_wconf 86' lang='lat' dir='ltr'>captivos</span> <span class='ocrx_word' id='word_1_74' title='bbox 587 1235 760 1282; x_wconf 86' lang='lat' dir='ltr'>trahor</span> <span class='ocrx_word' id='word_1_75' title='bbox 787 1241 1073 1281; x_wconf 87' lang='lat' dir='ltr'>exarmatus</span> <span class='ocrx_word' id='word_1_76' title='bbox 1099 1234 1303 1280; x_wconf 83' lang='lat' dir='ltr'>Alanos.</span> 
     </span>
     <span class='ocr_line' id='line_1_13' title="bbox 184 1324 1527 1390; baseline -0.004 -16"><span class='ocrx_word' id='word_1_77' title='bbox 184 1327 375 1390; x_wconf 80' lang='lat' dir='ltr'>templa</span> <span class='ocrx_word' id='word_1_78' title='bbox 400 1328 550 1374; x_wconf 89' lang='lat' dir='ltr'>deum</span> <span class='ocrx_word' id='word_1_79' title='bbox 582 1333 882 1388; x_wconf 86' lang='lat' dir='ltr'>sanctasque</span> <span class='ocrx_word' id='word_1_80' title='bbox 907 1325 1040 1371; x_wconf 86' lang='lat' dir='ltr'>fores</span> <span class='ocrx_word' id='word_1_81' title='bbox 1065 1324 1352 1386; x_wconf 86' lang='lat' dir='ltr'>palatiaque</span> <span class='ocrx_word' id='word_1_82' title='bbox 1377 1341 1527 1370; x_wconf 88' lang='lat' dir='ltr'>aurea</span> 
     </span>
     <span class='ocr_line' id='line_1_14' title="bbox 182 1414 1695 1479; baseline -0.004 -15"><span class='ocrx_word' id='word_1_83' title='bbox 182 1424 357 1479; x_wconf 84' lang='lat' dir='ltr'>specto</span> <span class='ocrx_word' id='word_1_84' title='bbox 383 1423 436 1463; x_wconf 87' lang='lat' dir='ltr'>et</span> <span class='ocrx_word' id='word_1_85' title='bbox 462 1416 675 1463; x_wconf 89' lang='lat' dir='ltr'>Sarrano</span> <span class='ocrx_word' id='word_1_86' title='bbox 699 1415 873 1461; x_wconf 89' lang='lat' dir='ltr'>videor</span> <span class='ocrx_word' id='word_1_87' title='bbox 898 1415 1215 1460; x_wconf 82' lang='lat' dir='ltr'>discumbere</span> <span class='ocrx_word' id='word_1_88' title='bbox 1241 1417 1293 1458; x_wconf 89' lang='lat' dir='ltr'>in</span> <span class='ocrx_word' id='word_1_89' title='bbox 1319 1419 1454 1459; x_wconf 90' lang='lat' dir='ltr'>ostro</span> <span class='ocrx_word' id='word_1_90' title='bbox 1633 1414 1695 1459; x_wconf 80' lang='lat'>20</span> 
     </span>
     <span class='ocr_line' id='line_1_15' title="bbox 183 1504 1354 1564; baseline -0.005 -11"><span class='ocrx_word' id='word_1_91' title='bbox 183 1514 236 1554; x_wconf 89' lang='lat' dir='ltr'>et</span> <span class='ocrx_word' id='word_1_92' title='bbox 261 1524 378 1552; x_wconf 85' lang='lat' dir='ltr'>mox</span> <span class='ocrx_word' id='word_1_93' title='bbox 402 1506 609 1552; x_wconf 85' lang='lat' dir='ltr'>fumosis</span> <span class='ocrx_word' id='word_1_94' title='bbox 635 1507 843 1550; x_wconf 89' lang='lat' dir='ltr'>conviva</span> <span class='ocrx_word' id='word_1_95' title='bbox 867 1504 1116 1549; x_wconf 87' lang='lat' dir='ltr'>adcumbo</span> <span class='ocrx_word' id='word_1_96' title='bbox 1142 1506 1354 1564; x_wconf 90' lang='lat' dir='ltr'>popinis.</span> 
     </span>
    </p>

    <p class='ocr_par' dir='ltr' id='par_1_3' title="bbox 181 1591 1693 2546">
     <span class='ocr_line' id='line_1_16' title="bbox 250 1591 1541 1658; baseline -0.005 -16"><span class='ocrx_word' id='word_1_97' title='bbox 250 1597 493 1642; x_wconf 91' lang='lat' dir='ltr'>Divinum</span> <span class='ocrx_word' id='word_1_98' title='bbox 519 1595 793 1658; x_wconf 87' lang='lat' dir='ltr'>perhibent</span> <span class='ocrx_word' id='word_1_99' title='bbox 816 1600 987 1639; x_wconf 84' lang='lat' dir='ltr'>vatem</span> <span class='ocrx_word' id='word_1_100' title='bbox 1012 1593 1103 1639; x_wconf 89' lang='lat' dir='ltr'>sub</span> <span class='ocrx_word' id='word_1_101' title='bbox 1129 1591 1392 1638; x_wconf 87' lang='lat' dir='ltr'>frondibus</span> <span class='ocrx_word' id='word_1_102' title='bbox 1418 1591 1541 1637; x_wconf 88' lang='lat' dir='ltr'>ulmi</span> 
     </span>
     <span class='ocr_line' id='line_1_17' title="bbox 181 1682 1393 1748; baseline -0.004 -17"><span class='ocrx_word' id='word_1_103' title='bbox 181 1703 308 1731; x_wconf 86' lang='lat' dir='ltr'>vana</span> <span class='ocrx_word' id='word_1_104' title='bbox 333 1689 629 1748; x_wconf 85' lang='lat' dir='ltr'>ignavorum</span> <span class='ocrx_word' id='word_1_105' title='bbox 654 1683 918 1731; x_wconf 84' lang='lat' dir='ltr'>simulacra</span> <span class='ocrx_word' id='word_1_106' title='bbox 942 1682 1131 1728; x_wconf 88' lang='lat' dir='ltr'>locasse</span> <span class='ocrx_word' id='word_1_107' title='bbox 1157 1698 1393 1743; x_wconf 89' lang='lat' dir='ltr'>soporum</span> 
     </span>
     <span class='ocr_line' id='line_1_18' title="bbox 182 1770 1555 1837; baseline -0.005 -15"><span class='ocrx_word' id='word_1_108' title='bbox 182 1782 236 1822; x_wconf 84' lang='lat' dir='ltr'>et</span> <span class='ocrx_word' id='word_1_109' title='bbox 260 1779 489 1837; x_wconf 85' lang='lat' dir='ltr'>geminas</span> <span class='ocrx_word' id='word_1_110' title='bbox 514 1789 726 1820; x_wconf 89' lang='lat' dir='ltr'>numero</span> <span class='ocrx_word' id='word_1_111' title='bbox 751 1778 950 1835; x_wconf 90' lang='lat' dir='ltr'>portas:</span> <span class='ocrx_word' id='word_1_112' title='bbox 989 1787 1117 1834; x_wconf 88' lang='lat' dir='ltr'>quae</span> <span class='ocrx_word' id='word_1_113' title='bbox 1143 1770 1335 1816; x_wconf 84' lang='lat' dir='ltr'>fornice</span> <span class='ocrx_word' id='word_1_114' title='bbox 1363 1770 1555 1816; x_wconf 88' lang='lat' dir='ltr'>eburno</span> 
     </span>
     <span class='ocr_line' id='line_1_19' title="bbox 182 1846 1693 1926; baseline -0.005 -16"><span class='ocrx_word' id='word_1_115' title='bbox 182 1881 382 1926; x_wconf 87' lang='lat' dir='ltr'>semper</span> <span class='ocrx_word' id='word_1_116' title='bbox 407 1863 611 1909; x_wconf 87' lang='lat' dir='ltr'>fallaces</span> <span class='ocrx_word' id='word_1_117' title='bbox 637 1862 887 1924; x_wconf 88' lang='lat' dir='ltr'>glomerat</span> <span class='ocrx_word' id='word_1_118' title='bbox 913 1846 1063 1922; x_wconf 87' lang='lat' dir='ltr'>super</span> <span class='ocrx_word' id='word_1_119' title='bbox 1086 1876 1201 1906; x_wconf 87' lang='lat' dir='ltr'>aera</span> <span class='ocrx_word' id='word_1_120' title='bbox 1226 1859 1410 1905; x_wconf 88' lang='lat' dir='ltr'>formas</span> <span class='ocrx_word' id='word_1_121' title='bbox 1431 1877 1440 1905; x_wconf 92' lang='lat'>:</span> <span class='ocrx_word' id='word_1_122' title='bbox 1632 1860 1693 1905; x_wconf 82' lang='lat'>25</span> 
     </span>
     <span class='ocr_line' id='line_1_20' title="bbox 181 1953 1279 2016; baseline -0.002 -16"><span class='ocrx_word' id='word_1_123' title='bbox 181 1954 358 2012; x_wconf 79' lang='lat' dir='ltr'>altera,</span> <span class='ocrx_word' id='word_1_124' title='bbox 383 1971 512 2016; x_wconf 87' lang='lat' dir='ltr'>quae</span> <span class='ocrx_word' id='word_1_125' title='bbox 538 1969 680 1999; x_wconf 89' lang='lat' dir='ltr'>veros</span> <span class='ocrx_word' id='word_1_126' title='bbox 707 1955 899 1998; x_wconf 86' lang='lat' dir='ltr'>emittit</span> <span class='ocrx_word' id='word_1_127' title='bbox 926 1967 1107 1997; x_wconf 88' lang='lat' dir='ltr'>cornea</span> <span class='ocrx_word' id='word_1_128' title='bbox 1132 1953 1279 1998; x_wconf 82' lang='lat' dir='ltr'>visus.</span> 
     </span>
     <span class='ocr_line' id='line_1_21' title="bbox 181 2037 1334 2104; baseline -0.005 -17"><span class='ocrx_word' id='word_1_129' title='bbox 181 2041 317 2104; x_wconf 88' lang='lat' dir='ltr'>quod</span> <span class='ocrx_word' id='word_1_130' title='bbox 343 2044 383 2087; x_wconf 92' lang='lat' dir='ltr'>si</span> <span class='ocrx_word' id='word_1_131' title='bbox 409 2041 473 2086; x_wconf 90' lang='lat' dir='ltr'>de</span> <span class='ocrx_word' id='word_1_132' title='bbox 499 2041 663 2086; x_wconf 88' lang='lat' dir='ltr'>dubiis</span> <span class='ocrx_word' id='word_1_133' title='bbox 690 2039 986 2085; x_wconf 86' lang='lat' dir='ltr'>conceditur</span> <span class='ocrx_word' id='word_1_134' title='bbox 1011 2041 1150 2099; x_wconf 87' lang='lat' dir='ltr'>optio</span> <span class='ocrx_word' id='word_1_135' title='bbox 1175 2037 1334 2093; x_wconf 81' lang='lat' dir='ltr'>nobis,</span> 
     </span>
     <span class='ocr_line' id='line_1_22' title="bbox 182 2128 1419 2189; baseline -0.006 -13"><span class='ocrx_word' id='word_1_136' title='bbox 182 2130 329 2176; x_wconf 86' lang='lat' dir='ltr'>desse</span> <span class='ocrx_word' id='word_1_137' title='bbox 355 2129 508 2175; x_wconf 88' lang='lat' dir='ltr'>fidem</span> <span class='ocrx_word' id='word_1_138' title='bbox 533 2130 679 2175; x_wconf 90' lang='lat' dir='ltr'>laetis</span> <span class='ocrx_word' id='word_1_139' title='bbox 704 2128 884 2174; x_wconf 91' lang='lat' dir='ltr'>melius</span> <span class='ocrx_word' id='word_1_140' title='bbox 910 2144 1059 2189; x_wconf 89' lang='lat' dir='ltr'>quam</span> <span class='ocrx_word' id='word_1_141' title='bbox 1085 2142 1212 2171; x_wconf 87' lang='lat' dir='ltr'>vana</span> <span class='ocrx_word' id='word_1_142' title='bbox 1237 2128 1419 2170; x_wconf 85' lang='lat' dir='ltr'>timeri.</span> 
     </span>
     <span class='ocr_line' id='line_1_23' title="bbox 182 2213 1583 2281; baseline -0.004 -16"><span class='ocrx_word' id='word_1_143' title='bbox 182 2236 300 2265; x_wconf 88' lang='lat' dir='ltr'>ecce</span> <span class='ocrx_word' id='word_1_144' title='bbox 322 2235 417 2281; x_wconf 91' lang='lat' dir='ltr'>ego</span> <span class='ocrx_word' id='word_1_145' title='bbox 436 2221 535 2263; x_wconf 89' lang='lat' dir='ltr'>iam</span> <span class='ocrx_word' id='word_1_146' title='bbox 554 2217 726 2262; x_wconf 88' lang='lat' dir='ltr'>malim</span> <span class='ocrx_word' id='word_1_147' title='bbox 745 2217 849 2262; x_wconf 85' lang='lat' dir='ltr'>falli</span> <span class='ocrx_word' id='word_1_148' title='bbox 870 2233 880 2271; x_wconf 90' lang='grc'>;</span> <span class='ocrx_word' id='word_1_149' title='bbox 917 2232 1051 2271; x_wconf 75' lang='lat' dir='ltr'>nam,</span> <span class='ocrx_word' id='word_1_150' title='bbox 1072 2215 1193 2260; x_wconf 90' lang='lat' dir='ltr'>dum</span> <span class='ocrx_word' id='word_1_151' title='bbox 1212 2213 1362 2259; x_wconf 87' lang='lat' dir='ltr'>modo</span> <span class='ocrx_word' id='word_1_152' title='bbox 1382 2230 1583 2276; x_wconf 82' lang='lat' dir='ltr'>semper</span> 
     </span>
     <span class='ocr_line' id='line_1_24' title="bbox 182 2302 1693 2367; baseline -0.005 -13"><span class='ocrx_word' id='word_1_153' title='bbox 182 2311 347 2354; x_wconf 84' lang='lat' dir='ltr'>tristia</span> <span class='ocrx_word' id='word_1_154' title='bbox 370 2312 659 2363; x_wconf 81' lang='lat' dir='ltr'>vanescant,</span> <span class='ocrx_word' id='word_1_155' title='bbox 687 2308 854 2367; x_wconf 89' lang='lat' dir='ltr'>potius</span> <span class='ocrx_word' id='word_1_156' title='bbox 880 2307 1096 2350; x_wconf 89' lang='lat' dir='ltr'>caruisse</span> <span class='ocrx_word' id='word_1_157' title='bbox 1122 2302 1364 2359; x_wconf 87' lang='lat' dir='ltr'>fruendis,</span> <span class='ocrx_word' id='word_1_158' title='bbox 1630 2302 1693 2347; x_wconf 85' lang='lat'>30</span> 
     </span>
     <span class='ocr_line' id='line_1_25' title="bbox 183 2391 1621 2459; baseline -0.004 -17"><span class='ocrx_word' id='word_1_159' title='bbox 183 2413 333 2459; x_wconf 84' lang='lat' dir='ltr'>quam</span> <span class='ocrx_word' id='word_1_160' title='bbox 348 2394 604 2457; x_wconf 87' lang='lat' dir='ltr'>trepidare</span> <span class='ocrx_word' id='word_1_161' title='bbox 620 2394 776 2439; x_wconf 90' lang='lat' dir='ltr'>malis.</span> <span class='ocrx_word' id='word_1_162' title='bbox 837 2395 956 2438; x_wconf 86' lang='lat' dir='ltr'>satis</span> <span class='ocrx_word' id='word_1_163' title='bbox 978 2398 1055 2437; x_wconf 84' lang='lat' dir='ltr'>est</span> <span class='ocrx_word' id='word_1_164' title='bbox 1071 2392 1221 2448; x_wconf 79' lang='lat' dir='ltr'>bene,</span> <span class='ocrx_word' id='word_1_165' title='bbox 1238 2395 1276 2436; x_wconf 89' lang='lat' dir='ltr'>si</span> <span class='ocrx_word' id='word_1_166' title='bbox 1292 2397 1461 2437; x_wconf 87' lang='lat' dir='ltr'>metus</span> <span class='ocrx_word' id='word_1_167' title='bbox 1477 2391 1621 2436; x_wconf 86' lang='lat' dir='ltr'>absit.</span> 
     </span>
     <span class='ocr_line' id='line_1_26' title="bbox 183 2479 1353 2546; baseline -0.005 -16"><span class='ocrx_word' id='word_1_168' title='bbox 183 2491 302 2531; x_wconf 86' lang='lat' dir='ltr'>sunt</span> <span class='ocrx_word' id='word_1_169' title='bbox 327 2490 380 2530; x_wconf 86' lang='lat' dir='ltr'>et</span> <span class='ocrx_word' id='word_1_170' title='bbox 405 2487 490 2546; x_wconf 89' lang='lat' dir='ltr'>qui</span> <span class='ocrx_word' id='word_1_171' title='bbox 515 2482 662 2528; x_wconf 88' lang='lat' dir='ltr'>fletus</span> <span class='ocrx_word' id='word_1_172' title='bbox 687 2488 741 2528; x_wconf 84' lang='lat' dir='ltr'>et</span> <span class='ocrx_word' id='word_1_173' title='bbox 766 2479 949 2542; x_wconf 86' lang='lat' dir='ltr'>gaudia</span> <span class='ocrx_word' id='word_1_174' title='bbox 974 2486 1353 2525; x_wconf 87' lang='lat' dir='ltr'>controversum</span> 
     </span>
    </p>
   </div>
   <div class='ocr_carea' id='block_1_3' title="bbox 183 2569 1374 2634">
    <p class='ocr_par' dir='ltr' id='par_1_4' title="bbox 183 2569 1374 2634">
     <span class='ocr_line' id='line_1_27' title="bbox 183 2569 1374 2634; baseline -0.003 -14"><span class='ocrx_word' id='word_1_175' title='bbox 183 2577 474 2620; x_wconf 89' lang='lat' dir='ltr'>coniectent</span> <span class='ocrx_word' id='word_1_176' title='bbox 499 2575 733 2634; x_wconf 90' lang='lat' dir='ltr'>varioque</span> <span class='ocrx_word' id='word_1_177' title='bbox 759 2570 965 2617; x_wconf 86' lang='lat' dir='ltr'>trahant</span> <span class='ocrx_word' id='word_1_178' title='bbox 990 2576 1174 2615; x_wconf 89' lang='lat' dir='ltr'>eventa</span> <span class='ocrx_word' id='word_1_179' title='bbox 1198 2569 1374 2616; x_wconf 77' lang='lat' dir='ltr'>relatU.</span> 
     </span>
    </p>
   </div>
   <div class='ocr_carea' id='block_1_4' title="bbox 188 2689 248 2734">
    <p class='ocr_par' dir='ltr' id='par_1_5' title="bbox 188 2689 248 2734">
     <span class='ocr_line' id='line_1_28' title="bbox 188 2689 248 2734; baseline -0.017 0"><span class='ocrx_word' id='word_1_180' title='bbox 188 2689 248 2734; x_wconf 86' lang='lat'>28</span> 
     </span>
    </p>
   </div>
  </div>
 </body>
</html>
