1871 3046
774 206 1130 254 AUSONIUS

196 338 350 398 inque
376 335 483 382 foro
507 336 670 383 tutela
695 340 792 383 reis
818 344 871 383 et
897 337 1059 383 cultor
1083 341 1135 382 in
1160 341 1308 399 agris,

263 415 436 478 digne,
461 416 545 462 diu
572 420 727 478 partis
753 420 838 479 qui
863 417 1088 463 fruerere
1114 418 1257 463 bonis
1279 434 1288 462 :

196 497 474 555 commode,
491 497 641 555 laete,
659 499 900 559 benigne,
917 499 1179 555 abstemie,
1195 504 1301 544 tam
1318 499 1449 544 bone
1466 498 1645 544 dandis

264 595 464 642 semper
488 579 722 636 consiliis,
749 596 899 642 quam
924 583 1177 625 taciturne
1203 579 1351 636 datis,
1647 580 1708 625 lO

193 667 299 707 tam
316 661 469 708 decus
486 678 635 707 omne
652 665 752 707 tuis
768 677 917 722 quam
934 677 1051 706 mox
1068 660 1226 718 dolor,
1243 664 1411 707 omnia
1425 662 1607 708 acerbo

263 742 442 789 funere
468 749 782 804 praereptus,
810 741 1032 799 Glabrio,
1059 742 1323 789 destituis:

196 840 349 869 uxore
376 831 428 870 et
454 826 601 880 natis,
627 826 859 885 genitore
886 829 940 870 et
964 830 1125 870 matre
1150 824 1356 882 relictis,

263 905 394 951 eheu
416 923 566 968 quam
591 906 764 952 multis
790 906 990 968 perdite
1017 907 1305 952 nominibus
1326 909 1334 952 1

194 987 312 1034 flete
339 988 425 1033 diu
450 989 609 1045 nobis,
636 1004 912 1050 numquam
940 991 1075 1045 satis,
1100 992 1272 1050 accipe
1298 990 1553 1048 acerbum,
1650 991 1708 1036 15

264 1068 486 1125 Glabrio,
512 1073 564 1115 in
590 1076 856 1116 aeternum
883 1077 1290 1128 commemorate,
1315 1071 1439 1118 vale.

727 1316 885 1362 XXV.
896 1317 1179 1362 ——CoRoNis

198 1437 337 1496 Quos
361 1438 489 1501 legis
515 1457 542 1484 a
569 1443 728 1501 prima
753 1440 999 1487 deductos
1025 1440 1230 1487 menide
1256 1441 1385 1498 libri,

262 1519 494 1567 doctores
521 1525 713 1583 patriae
741 1525 866 1568 scito
892 1521 1047 1568 fuisse
1072 1539 1235 1580 meae,

194 1606 509 1663 grammatici
535 1606 586 1648 in
614 1603 781 1650 studio
808 1604 888 1650 vel
914 1603 1129 1650 rhetoris
1156 1611 1244 1651 aut
1268 1608 1319 1649 in
1346 1611 1578 1668 utroque,

264 1702 387 1747 quos
412 1702 715 1732 memorasse
741 1685 865 1731 mihi
891 1693 1054 1732 morte
1081 1686 1218 1733 obita
1244 1689 1362 1733 satis
1389 1693 1482 1734 est.

196 1770 456 1813 viventum
482 1767 738 1813 inlecebra
764 1775 842 1814 est
867 1767 1118 1814 laudatio:
1157 1771 1360 1813 nomina
1385 1775 1586 1815 tantum
1683 1770 1709 1813 ὖ

266 1865 385 1895 voce
412 1853 545 1896 ciere
572 1854 672 1896 suis
698 1850 910 1897 sufficiet
935 1850 1157 1897 tumulis.

197 1948 334 1993 ergo,
361 1935 445 1994 qui
471 1938 674 1977 nostrae
700 1931 827 1994 legis
856 1935 957 1978 otia
982 1935 1145 1978 tristia
1172 1933 1394 1991 chartae,

265 2014 521 2075 eloquium
548 2030 612 2060 ne
638 2020 695 2059 tu
722 2031 922 2076 quaere,
951 2020 1029 2060 set
1054 2015 1284 2071 officium,

197 2111 296 2157 quo
322 2095 465 2140 claris
492 2095 755 2158 doctisque
782 2098 897 2142 viris
921 2099 1004 2157 pia
1030 2112 1146 2141 cura
1172 2102 1422 2157 parentat,

264 2176 386 2223 dum
412 2177 595 2223 decora
621 2181 857 2239 egregiae
884 2180 1231 2224 commeminit
1256 2181 1462 2240 patriae.
1649 2179 1708 2224 10

251 2320 264 2343 1
295 2320 388 2359 The
407 2322 718 2372 yrammoelicus
748 2321 909 2373 taught
939 2321 1085 2360 Greek
1118 2321 1205 2360 and
1236 2321 1369 2361 Latin
1402 2321 1567 2373 mainly
1597 2321 1709 2361 from

198 2375 274 2414 the
313 2375 540 2426 linguistic
580 2375 674 2414 side
714 2378 964 2426 (grammar,
1009 2380 1185 2428 syntax,
1223 2382 1375 2424 metre,
1413 2376 1704 2428 antiquities).

198 2429 289 2468 The
319 2429 463 2468 ‘rhetor
491 2442 601 2481 gave
631 2443 750 2468 more
780 2429 1003 2469 advanced
1032 2431 1313 2478 instruction,
1337 2430 1420 2470 but
1441 2443 1530 2469 was
1550 2429 1708 2482 chiefly

197 2483 440 2523 concerned
480 2484 589 2523 with
629 2484 826 2536 training
865 2485 909 2523 in
949 2484 1243 2524 declamation
1288 2485 1374 2524 and
1416 2484 1473 2524 all
1514 2484 1709 2536 subjects

196 2538 449 2590 subsidiary
469 2542 515 2577 to
537 2538 586 2578 it.

251 2592 268 2616 2
297 2593 363 2632 ile.
390 2606 437 2633 as
461 2592 675 2641 husband,
701 2593 862 2642 fat-her,
887 2593 974 2633 and
997 2608 1083 2634 son.

205 2674 294 2731 136
