1871 3046
800 183 1159 231 AUSONIUS

305 379 647 428 EPISTULA
699 378 1078 426 SYMMACHI
1132 377 1226 423 AD
1277 376 1656 424 AUSONIUM

695 501 1006 548 SYMMACHUS
1045 499 1270 545 AusoN1o

295 610 440 656 PETis
475 627 503 655 a
539 627 620 656 me
657 609 853 656 litteras
889 609 1172 670 longiores:
1210 613 1288 654 est
1317 606 1412 652 hoc
1443 609 1494 652 in
1520 622 1609 652 nos
1634 608 1738 652 veri

223 709 404 752 amoris
428 706 684 752 indicium.
748 705 837 751 sed
864 721 977 767 ego,
1003 707 1087 767 qui
1113 707 1206 750 sim
1233 705 1520 765 paupertini
1546 705 1740 764 ingenii

223 805 325 848 mei
350 804 593 858 conscius,
622 801 899 847 Laconicae
924 801 1056 846 malo
1083 800 1287 847 studere
1317 800 1568 857 brevitati,
1589 815 1739 861 quam

225 898 505 960 multiiugis
530 899 726 958 paginis
752 897 998 943 infantiae
1033 913 1178 944 meae
1215 900 1428 943 maciem
1465 895 1735 958 publicare.

224 1012 319 1041 nec
344 997 545 1051 mirum,
571 996 610 1039 si
637 993 823 1055 eloquii
852 997 1012 1040 nostri
1047 1010 1176 1040 vena
1211 1000 1422 1039 tenuata
1459 999 1552 1050 est,
1590 1008 1739 1055 quam

225 1091 418 1138 dudum
442 1105 610 1152 neque
641 1088 791 1135 ullius
826 1092 1072 1151 poematis
1109 1092 1185 1135 tui
1222 1105 1388 1151 neque
1425 1088 1740 1150 pedestrium

224 1187 536 1233 voluminum
583 1185 804 1232 lectione
852 1188 1034 1231 iuvisti.
1122 1185 1258 1231 unde
1302 1189 1458 1247 igitur
1499 1189 1741 1232 sermonis

224 1287 326 1330 mei
351 1283 543 1345 largam
568 1285 729 1344 poscis
755 1298 974 1339 usuram,
1000 1285 1085 1343 qui
1116 1281 1243 1326 nihil
1277 1281 1491 1328 litterati
1525 1280 1742 1327 faenoris

226 1378 519 1426 credidisti?
592 1377 770 1423 volitat
799 1384 916 1424 tuus
948 1377 1162 1424 Mosella
1186 1395 1277 1440 per
1301 1395 1477 1424 manus
1503 1381 1741 1441 sinusque

224 1475 501 1521 multorum
536 1473 717 1519 divinis
742 1490 771 1518 a
794 1480 848 1520 te
874 1474 1098 1520 versibus
1124 1480 1443 1520 consecratus
1464 1491 1473 1520 z
1511 1475 1601 1520 sed
1626 1481 1736 1521 tan-

225 1579 336 1618 tum
376 1576 548 1616 nostra
590 1586 675 1615 ora
716 1569 1039 1632 praelabitur.
1127 1587 1214 1617 cur
1255 1587 1337 1617 me
1379 1574 1523 1617 istius
1566 1570 1741 1628 libelli,

226 1684 428 1732 quaeso,
455 1673 684 1713 exortem
718 1682 827 1712 esse
865 1665 1100 1712 voluisti?
1173 1673 1261 1713 aut
1298 1667 1615 1730 ἀμουσότερος
1649 1668 1743 1714 tibi

224 1767 448 1822 videbar,
474 1768 560 1828 qui
584 1764 805 1810 iudicare
832 1781 935 1810 non
960 1781 1174 1826 possem,
1195 1772 1283 1812 aut
1308 1771 1446 1811 certe
1472 1764 1738 1827 malignus,

226 1867 312 1927 qui
335 1861 541 1908 laudare
568 1863 830 1906 nescirem.
904 1864 1076 1923 itaque
1103 1861 1182 1908 vel
1208 1865 1415 1924 ingenio
1444 1877 1558 1907 meo
1587 1861 1740 1924 pluri-

225 1976 365 2006 mum
398 1957 479 2004 vel
512 1957 733 2002 moribus
763 1955 1031 2019 derogasti.
1107 1964 1160 2003 et
1184 1963 1356 2003 tamen
1384 1963 1559 2002 contra
1585 1960 1740 2002 inter-

227 2056 421 2103 dictum
468 2060 614 2101 tuum
662 2055 743 2097 vix
791 2052 854 2098 ad
903 2052 1035 2100 illius
1084 2057 1247 2116 operis
1295 2070 1475 2098 arcana
1517 2056 1740 2114 perveni.

229 2152 381 2199 velim
405 2158 593 2207 tacere,
619 2146 740 2210 quid
766 2152 983 2195 sentiam
1005 2165 1015 2205 ;
1053 2149 1206 2195 velim
1231 2152 1363 2195 iusto
1383 2149 1447 2195 de
1468 2155 1521 2195 te
1543 2148 1746 2195 silentio

229 2250 503 2303 vindicari3
542 2246 632 2293 sed
670 2249 936 2296 admiratio
973 2249 1275 2308 scriptorum
1316 2261 1519 2292 sensum
1555 2245 1747 2307 frangit

230 2349 456 2392 iniuriae.

300 2442 431 2487 Novi
480 2456 575 2503 ego
621 2443 775 2487 istum
823 2439 1046 2496 fluvium,
1084 2455 1198 2484 cum
1247 2444 1570 2484 aeternorum
1608 2439 1745 2498 prin-

232 2542 400 2601 cipum
448 2541 548 2583 iam
595 2537 793 2600 pridem
841 2540 985 2599 signa
1025 2538 1309 2592 comitarer,
1340 2550 1512 2596 parem
1554 2532 1744 2590 multis,

237 2663 331 2719 264
