1871 3046
817 192 1176 242 AUSONIUS

234 327 411 389 μελέτη
435 328 488 375 τὸ
512 331 618 385 πᾶν,
649 326 907 373 Periandri
932 326 984 372 id
1010 332 1088 372 est
1115 324 1377 382 Corinthii,
1686 326 1748 372 65

235 395 625 442 meditationem
648 410 796 458 posse
820 401 987 441 totum
1014 397 1099 456 qui
1124 400 1285 455 putat.

236 464 430 526 ἄριστον
453 464 623 527 μέτρον
643 479 751 510 esse
778 463 903 509 dicit
930 462 1139 507 Lindius

237 531 507 578 Cleobulus
528 549 537 577 :
574 531 670 577 hoe
695 537 790 588 est,
815 534 1035 593 optimus
1061 532 1257 575 cunctis
1283 528 1473 575 modus.

234 598 420 645 Thales
446 606 524 646 set
550 601 708 662 ἐγγύα,
736 599 861 661 πάρα
886 597 923 646 δ’
947 599 1035 646 ἄτα
1060 597 1290 659 protulit,

234 666 484 728 spondere
511 670 597 729 qui
622 683 731 724 nos,
755 683 886 712 noxa
911 670 1026 729 quia
1051 682 1195 727 praes
1222 672 1318 722 est,
1341 671 1496 711 vetat.
1686 662 1748 711 70

234 734 329 780 hoc
358 751 448 781 nos
472 751 681 781 monere
706 734 978 781 faeneratis
1004 750 1106 780 non
1132 733 1314 796 placet.

303 802 451 848 Dixi:
490 801 738 849 recedam.
814 801 996 864 legifer
1021 806 1163 848 venit
1190 801 1357 849 Solon.

828 1009 1150 1059 IV.—SOLoN

232 1120 312 1166 DE
337 1137 476 1167 more
503 1120 699 1167 Graeco
724 1120 914 1184 prodeo
941 1124 993 1166 in
1019 1137 1251 1168 scaenam
1278 1121 1449 1180 Solon,

231 1195 431 1251 septem
456 1193 745 1251 sapientum
770 1189 903 1235 fama
929 1192 1008 1235 cui
1034 1189 1254 1252 palmam
1279 1190 1436 1238 dedit.

230 1264 309 1304 set
334 1257 497 1304 famae
515 1258 530 1288 1
556 1274 660 1303 non
686 1264 764 1303 est
788 1257 960 1303 iudicii
986 1261 1257 1314 severitas;

230 1342 398 1388 neque
420 1329 556 1372 enim
576 1342 685 1372 esse
704 1328 923 1387 primum
942 1342 1042 1383 me,
1061 1342 1235 1372 verum
1257 1343 1414 1372 unum
1436 1329 1685 1386 existimo,

230 1393 508 1456 aequalitas
533 1393 669 1456 quod
695 1393 925 1440 ordinem
950 1397 1114 1440 nescit
1140 1397 1257 1455 pati.

230 1468 370 1508 recte
395 1461 515 1508 olim
539 1465 774 1524 ineptum
801 1461 1081 1523 Delphicus
1108 1465 1263 1508 suasit
1288 1461 1412 1508 deus

230 1536 580 1592 quaerentem,
605 1533 836 1592 quisnam
860 1533 1051 1592 primus
1077 1533 1365 1592 sapientum
1390 1529 1538 1588 foret,

230 1604 288 1644 ut
312 1601 365 1643 in
390 1598 511 1644 orbe
536 1601 691 1645 tereti
715 1601 979 1644 nominum
1005 1604 1197 1644 sertum
1222 1598 1441 1656 inderet,
1680 1599 1743 1645 80

229 1682 294 1712 ne
320 1669 511 1728 primus
537 1672 690 1724 esset,
713 1682 779 1712 ne
806 1666 883 1712 vel
912 1669 1040 1712 imus
1067 1670 1327 1729 quispiam.

229 1750 404 1780 eorum
430 1751 457 1781 e
481 1734 651 1781 medio
676 1734 866 1797 prodeo
891 1751 1016 1797 gyro
1041 1733 1212 1792 Solon,

230 1809 302 1860 ut,
328 1802 463 1865 quod
488 1802 673 1849 dixisse
699 1802 883 1848 Croeso
907 1805 1016 1863 regi
1043 1805 1318 1860 existimor,

228 1870 280 1916 id
305 1874 467 1916 omnis
492 1871 755 1916 hominum
780 1877 919 1917 secta
943 1871 1036 1916 sibi
1062 1870 1256 1917 dictum
1282 1876 1445 1933 putet.

230 1938 424 1984 Graece
450 1945 680 1985 eoactum
706 1945 784 1984 est
810 1938 895 2000 ὅρα
919 1939 1057 1989 τέλος
1078 1943 1258 2001 μακροῦ
1281 1940 1407 2000 βίου,
1679 1939 1741 1984 85

228 2005 363 2069 quod
387 2005 588 2069 longius
614 2006 685 2064 fit,
713 2009 751 2052 si
779 2005 961 2052 Latine
987 2006 1173 2052 dixeris
1195 2023 1204 2052 :

227 2080 458 2136 spectare
486 2077 618 2120 vitae
644 2075 795 2120 iubeo
821 2080 1028 2121 cunctos
1053 2078 1342 2121 terminum.

227 2142 439 2204 proinde
465 2145 674 2189 miseros
698 2149 787 2189 aut
812 2143 988 2189 beatos
1014 2142 1183 2188 dicere

227 2213 377 2267 evita,
404 2210 539 2273 quod
565 2217 684 2257 sunt
709 2227 909 2273 semper
934 2214 1145 2273 ancipiti
1169 2213 1221 2255 in
1248 2217 1396 2256 statu,

226 2278 279 2324 id
303 2278 431 2325 adeo
457 2282 525 2324 sic
553 2285 642 2325 est.
718 2282 757 2325 si
783 2295 982 2342 queam,
1008 2281 1179 2341 paucis
1204 2278 1392 2341 loquar.
1676 2277 1739 2323 90

637 2381 654 2405 1
682 2380 812 2429 fama,
838 2380 969 2421 MSS.
996 2379 1099 2429 (and
1125 2380 1316 2431 Peiper).

1684 1258 1708 1306 7

1717 1261 1745 1305 5

281 2492 295 2516 1
325 2492 410 2533 Son
433 2493 478 2532 of
499 2492 713 2545 Cypselus
734 2492 822 2532 and
848 2497 1004 2545 tyrant
1025 2492 1070 2532 of
1090 2492 1291 2541 Corinth,
1317 2494 1506 2533 625-585
1526 2503 1608 2532 B.C.

281 2546 297 2570 2
325 2547 587 2587 Flourished
621 2549 701 2588 580
734 2559 818 2587 B.C.
883 2547 953 2586 He
988 2547 1076 2586 and
1118 2547 1186 2586 his
1219 2547 1440 2600 daughter
1480 2546 1738 2588 Cleobulina

227 2615 340 2641 were
369 2602 462 2642 also
491 2602 661 2643 famous
690 2603 758 2642 for
787 2602 905 2642 their
934 2601 1113 2641 riddles.

227 2681 327 2740 316
