<?xml version="1.0" encoding="UTF-8"?>
<!DOCTYPE html PUBLIC "-//W3C//DTD XHTML 1.0 Transitional//EN"
    "http://www.w3.org/TR/xhtml1/DTD/xhtml1-transitional.dtd">
<html xmlns="http://www.w3.org/1999/xhtml" xml:lang="en" lang="en">
 <head>
  <title>
</title>
<meta http-equiv="Content-Type" content="text/html;charset=utf-8" />
  <meta name='ocr-system' content='tesseract 3.04.00' />
  <meta name='ocr-capabilities' content='ocr_page ocr_carea ocr_par ocr_line ocrx_word'/>
</head>
<body>
  <div class='ocr_page' id='page_1' title='image "ausonius00auso_0404.png"; bbox 0 0 1871 3046; ppageno 0'>
   <div class='ocr_carea' id='block_1_1' title="bbox 367 734 1476 988">
    <p class='ocr_par' dir='ltr' id='par_1_1' title="bbox 367 734 1476 988">
     <span class='ocr_line' id='line_1_1' title="bbox 717 734 1130 792; baseline 0 -2"><span class='ocrx_word' id='word_1_1' title='bbox 717 734 969 792; x_wconf 86' lang='lat' dir='ltr'>LIBER</span> <span class='ocrx_word' id='word_1_2' title='bbox 1016 735 1130 791; x_wconf 91' lang='lat' dir='ltr'><strong>XV</strong></span> 
     </span>
     <span class='ocr_line' id='line_1_2' title="bbox 367 919 1476 988; baseline 0.005 -22"><span class='ocrx_word' id='word_1_3' title='bbox 367 919 579 987; x_wconf 82' lang='lat' dir='ltr'>[LIBRI</span> <span class='ocrx_word' id='word_1_4' title='bbox 626 922 720 968; x_wconf 87' lang='lat' dir='ltr'><strong>DE</strong></span> <span class='ocrx_word' id='word_1_5' title='bbox 765 921 1026 988; x_wconf 82' lang='lat' dir='ltr'>FASTIS]</span> <span class='ocrx_word' id='word_1_6' title='bbox 1076 923 1476 971; x_wconf 76' lang='lat' dir='ltr'><strong>CONCLUslo</strong></span> 
     </span>
    </p>
   </div>
   <div class='ocr_carea' id='block_1_2' title="bbox 418 1096 1427 1145">
    <p class='ocr_par' dir='ltr' id='par_1_2' title="bbox 418 1096 1427 1145">
     <span class='ocr_line' id='line_1_3' title="bbox 418 1096 1427 1145; baseline 0.003 -3"><span class='ocrx_word' id='word_1_7' title='bbox 418 1096 784 1143; x_wconf 80' lang='lat' dir='ltr'><strong>I.--AUsons</strong></span> <span class='ocrx_word' id='word_1_8' title='bbox 824 1098 1082 1144; x_wconf 62' lang='lat' dir='ltr'><strong>Hmspssmo</strong></span> <span class='ocrx_word' id='word_1_9' title='bbox 1122 1098 1260 1144; x_wconf 80' lang='lat' dir='ltr'>F1L10</span> <span class='ocrx_word' id='word_1_10' title='bbox 1299 1098 1427 1145; x_wconf 76' lang='lat' dir='ltr'><strong>SAL1</strong></span> 
     </span>
    </p>
   </div>
   <div class='ocr_carea' id='block_1_3' title="bbox 160 1207 1678 1277">
    <p class='ocr_par' dir='ltr' id='par_1_3' title="bbox 160 1207 1678 1277">
     <span class='ocr_line' id='line_1_4' title="bbox 160 1207 1678 1277; baseline 0.003 -23"><span class='ocrx_word' id='word_1_11' title='bbox 160 1208 434 1277; x_wconf 76' lang='lat' dir='ltr'><strong>(Consularz&#39;</strong></span> <span class='ocrx_word' id='word_1_12' title='bbox 470 1207 614 1254; x_wconf 77' lang='lat' dir='ltr'><strong>Libro</strong></span> <span class='ocrx_word' id='word_1_13' title='bbox 649 1207 900 1255; x_wconf 76' lang='lat' dir='ltr'><strong>subiciendi</strong></span> <span class='ocrx_word' id='word_1_14' title='bbox 939 1226 1068 1272; x_wconf 79' lang='lat' dir='ltr'><strong>quem</strong></span> <span class='ocrx_word' id='word_1_15' title='bbox 1106 1226 1189 1273; x_wconf 83' lang='lat' dir='ltr'><strong>ego</strong></span> <span class='ocrx_word' id='word_1_16' title='bbox 1239 1227 1293 1256; x_wconf 71' lang='lat' dir='ltr'><strong>ecc</strong></span> <span class='ocrx_word' id='word_1_17' title='bbox 1339 1211 1510 1258; x_wconf 75' lang='lat' dir='ltr'><strong>cunctis</strong></span> <span class='ocrx_word' id='word_1_18' title='bbox 1560 1212 1678 1259; x_wconf 79' lang='lat' dir='ltr'><strong>Con-</strong></span> 
     </span>
    </p>
   </div>
   <div class='ocr_carea' id='block_1_4' title="bbox 327 1281 1512 1349">
    <p class='ocr_par' dir='ltr' id='par_1_4' title="bbox 327 1281 1512 1349">
     <span class='ocr_line' id='line_1_5' title="bbox 327 1281 1512 1349; baseline 0.003 -21"><span class='ocrx_word' id='word_1_19' title='bbox 327 1281 502 1328; x_wconf 78' lang='lat' dir='ltr'><strong>sulibus</strong></span> <span class='ocrx_word' id='word_1_20' title='bbox 538 1301 676 1328; x_wconf 67' lang='lat' dir='ltr'><strong>umam</strong></span> <span class='ocrx_word' id='word_1_21' title='bbox 712 1283 854 1347; x_wconf 79' lang='lat' dir='ltr'><strong>coegi.</strong></span> <span class='ocrx_word' id='word_1_22' title='bbox 940 1283 1170 1348; x_wconf 83' lang='lat' dir='ltr'><em>Gregorio</em></span> <span class='ocrx_word' id='word_1_23' title='bbox 1206 1302 1260 1330; x_wconf 69' lang='lat' dir='ltr'><strong>ea:</strong></span> <span class='ocrx_word' id='word_1_24' title='bbox 1297 1285 1512 1349; x_wconf 56' lang='lat' dir='ltr'><strong>Praefss)</strong></span> 
     </span>
    </p>
   </div>
   <div class='ocr_carea' id='block_1_5' title="bbox 154 1413 1444 1746">
    <p class='ocr_par' dir='ltr' id='par_1_5' title="bbox 159 1413 1444 1569">
     <span class='ocr_line' id='line_1_6' title="bbox 159 1413 1444 1478; baseline 0.002 -18"><span class='ocrx_word' id='word_1_25' title='bbox 159 1413 353 1460; x_wconf 80' lang='lat' dir='ltr'>IGNOTA</span> <span class='ocrx_word' id='word_1_26' title='bbox 377 1421 619 1462; x_wconf 78' lang='lat' dir='ltr'><strong>aeternae</strong></span> <span class='ocrx_word' id='word_1_27' title='bbox 645 1431 710 1461; x_wconf 92' lang='lat' dir='ltr'><strong>ne</strong></span> <span class='ocrx_word' id='word_1_28' title='bbox 737 1419 840 1462; x_wconf 88' lang='lat' dir='ltr'><strong>sint</strong></span> <span class='ocrx_word' id='word_1_29' title='bbox 864 1416 959 1462; x_wconf 84' lang='lat' dir='ltr'><strong>tibi</strong></span> <span class='ocrx_word' id='word_1_30' title='bbox 984 1422 1216 1478; x_wconf 89' lang='lat' dir='ltr'><strong>tempora</strong></span> <span class='ocrx_word' id='word_1_31' title='bbox 1244 1417 1444 1475; x_wconf 86' lang='lat' dir='ltr'><strong>Romae,</strong></span> 
     </span>
     <span class='ocr_line' id='line_1_7' title="bbox 224 1505 1300 1569; baseline 0.002 -18"><span class='ocrx_word' id='word_1_32' title='bbox 224 1505 428 1567; x_wconf 87' lang='lat' dir='ltr'><strong>regibus</strong></span> <span class='ocrx_word' id='word_1_33' title='bbox 454 1511 507 1551; x_wconf 85' lang='lat' dir='ltr'><strong>et</strong></span> <span class='ocrx_word' id='word_1_34' title='bbox 533 1511 734 1567; x_wconf 86' lang='lat' dir='ltr'><strong>patrum</strong></span> <span class='ocrx_word' id='word_1_35' title='bbox 759 1505 915 1551; x_wconf 84' lang='lat' dir='ltr'><strong>ducta</strong></span> <span class='ocrx_word' id='word_1_36' title='bbox 940 1506 1033 1552; x_wconf 89' lang='lat' dir='ltr'><strong>sub</strong></span> <span class='ocrx_word' id='word_1_37' title='bbox 1058 1509 1300 1569; x_wconf 86' lang='lat' dir='ltr'><strong>imperiis,</strong></span> 
     </span>
    </p>

    <p class='ocr_par' dir='ltr' id='par_1_6' title="bbox 154 1593 1415 1746">
     <span class='ocr_line' id='line_1_8' title="bbox 154 1593 1265 1657; baseline 0.002 -17"><span class='ocrx_word' id='word_1_38' title='bbox 154 1593 343 1657; x_wconf 82' lang='lat' dir='ltr'><strong>digessi</strong></span> <span class='ocrx_word' id='word_1_39' title='bbox 368 1593 522 1641; x_wconf 88' lang='lat' dir='ltr'><strong>fastos</strong></span> <span class='ocrx_word' id='word_1_40' title='bbox 550 1601 604 1640; x_wconf 89' lang='lat' dir='ltr'><strong>et</strong></span> <span class='ocrx_word' id='word_1_41' title='bbox 627 1598 834 1640; x_wconf 87' lang='lat' dir='ltr'><strong>nomina</strong></span> <span class='ocrx_word' id='word_1_42' title='bbox 859 1599 1113 1657; x_wconf 79' lang='lat' dir='ltr'><strong>praepetis</strong></span> <span class='ocrx_word' id='word_1_43' title='bbox 1138 1600 1265 1654; x_wconf 81' lang='lat' dir='ltr'><strong>aevi,</strong></span> 
     </span>
     <span class='ocr_line' id='line_1_9' title="bbox 222 1682 1415 1746; baseline 0.003 -17"><span class='ocrx_word' id='word_1_44' title='bbox 222 1699 391 1745; x_wconf 87' lang='lat' dir='ltr'><strong>sparsa</strong></span> <span class='ocrx_word' id='word_1_45' title='bbox 415 1686 586 1730; x_wconf 83' lang='lat' dir='ltr'><strong>iacent</strong></span> <span class='ocrx_word' id='word_1_46' title='bbox 612 1682 811 1730; x_wconf 86' lang='lat' dir='ltr'><strong>Latiam</strong></span> <span class='ocrx_word' id='word_1_47' title='bbox 837 1687 877 1730; x_wconf 90' lang='lat' dir='ltr'><strong>si</strong></span> <span class='ocrx_word' id='word_1_48' title='bbox 903 1700 1000 1746; x_wconf 88' lang='lat' dir='ltr'><strong>qua</strong></span> <span class='ocrx_word' id='word_1_49' title='bbox 1024 1700 1115 1746; x_wconf 88' lang='lat' dir='ltr'><strong>per</strong></span> <span class='ocrx_word' id='word_1_50' title='bbox 1142 1684 1415 1732; x_wconf 78' lang='lat' dir='ltr'><strong>historiam.</strong></span> 
     </span>
    </p>
   </div>
   <div class='ocr_carea' id='block_1_6' title="bbox 153 1771 1667 1836">
    <p class='ocr_par' dir='ltr' id='par_1_7' title="bbox 153 1771 1667 1836">
     <span class='ocr_line' id='line_1_10' title="bbox 153 1771 1667 1836; baseline 0.003 -18"><span class='ocrx_word' id='word_1_51' title='bbox 153 1775 219 1818; x_wconf 90' lang='lat' dir='ltr'><strong>sit</strong></span> <span class='ocrx_word' id='word_1_52' title='bbox 243 1778 360 1818; x_wconf 90' lang='lat' dir='ltr'><strong>tuus</strong></span> <span class='ocrx_word' id='word_1_53' title='bbox 386 1771 467 1818; x_wconf 83' lang='lat' dir='ltr'><strong>hic</strong></span> <span class='ocrx_word' id='word_1_54' title='bbox 492 1771 704 1830; x_wconf 83' lang='lat' dir='ltr'><strong>fruetus,</strong></span> <span class='ocrx_word' id='word_1_55' title='bbox 730 1772 960 1835; x_wconf 79' lang='lat' dir='ltr'><strong>vigilatas</strong></span> <span class='ocrx_word' id='word_1_56' title='bbox 985 1777 1157 1836; x_wconf 81' lang='lat' dir='ltr'><strong>accipe</strong></span> <span class='ocrx_word' id='word_1_57' title='bbox 1183 1781 1359 1821; x_wconf 85' lang='lat' dir='ltr'><strong>noctes</strong></span> <span class='ocrx_word' id='word_1_58' title='bbox 1381 1792 1390 1820; x_wconf 91' lang='lat'>:</span> <span class='ocrx_word' id='word_1_59' title='bbox 1639 1777 1667 1822; x_wconf 84' lang='lat'>5</span> 
     </span>
    </p>
   </div>
   <div class='ocr_carea' id='block_1_7' title="bbox 150 1861 1480 2193">
    <p class='ocr_par' dir='ltr' id='par_1_8' title="bbox 150 1861 1480 2193">
     <span class='ocr_line' id='line_1_11' title="bbox 221 1861 1265 1924; baseline 0.003 -17"><span class='ocrx_word' id='word_1_60' title='bbox 221 1861 517 1924; x_wconf 85' lang='lat' dir='ltr'><strong>obsequitur</strong></span> <span class='ocrx_word' id='word_1_61' title='bbox 542 1861 710 1908; x_wconf 89' lang='lat' dir='ltr'><strong>studio</strong></span> <span class='ocrx_word' id='word_1_62' title='bbox 735 1868 907 1908; x_wconf 86' lang='lat' dir='ltr'><strong>nostra</strong></span> <span class='ocrx_word' id='word_1_63' title='bbox 932 1862 1139 1909; x_wconf 86' lang='lat' dir='ltr'><strong>lucerna</strong></span> <span class='ocrx_word' id='word_1_64' title='bbox 1162 1869 1265 1910; x_wconf 86' lang='lat' dir='ltr'><strong>tuo.</strong></span> 
     </span>
     <span class='ocr_line' id='line_1_12' title="bbox 151 1951 1473 2014; baseline 0.002 -17"><span class='ocrx_word' id='word_1_65' title='bbox 151 1957 208 1997; x_wconf 86' lang='lat' dir='ltr'><strong>tu</strong></span> <span class='ocrx_word' id='word_1_66' title='bbox 234 1967 434 2014; x_wconf 93' lang='lat' dir='ltr'><strong>quoque</strong></span> <span class='ocrx_word' id='word_1_67' title='bbox 460 1957 699 1998; x_wconf 87' lang='lat' dir='ltr'><strong>venturos</strong></span> <span class='ocrx_word' id='word_1_68' title='bbox 726 1968 815 2013; x_wconf 86' lang='lat' dir='ltr'><strong>per</strong></span> <span class='ocrx_word' id='word_1_69' title='bbox 839 1951 1049 2014; x_wconf 85' lang='lat' dir='ltr'><strong>longum</strong></span> <span class='ocrx_word' id='word_1_70' title='bbox 1076 1969 1282 1999; x_wconf 79' lang='lat' dir='ltr'><strong>consere</strong></span> <span class='ocrx_word' id='word_1_71' title='bbox 1312 1953 1473 2012; x_wconf 78' lang='lat' dir='ltr'><strong>Ianos,</strong></span> 
     </span>
     <span class='ocr_line' id='line_1_13' title="bbox 219 2040 1200 2103; baseline 0.002 -17"><span class='ocrx_word' id='word_1_72' title='bbox 219 2047 276 2087; x_wconf 82' lang='lat' dir='ltr'><strong>ut</strong></span> <span class='ocrx_word' id='word_1_73' title='bbox 300 2057 414 2087; x_wconf 85' lang='lat' dir='ltr'><strong>mea</strong></span> <span class='ocrx_word' id='word_1_74' title='bbox 439 2040 652 2103; x_wconf 81' lang='lat' dir='ltr'><strong>digessit</strong></span> <span class='ocrx_word' id='word_1_75' title='bbox 676 2044 861 2103; x_wconf 87' lang='lat' dir='ltr'><strong>pagina</strong></span> <span class='ocrx_word' id='word_1_76' title='bbox 885 2044 1200 2103; x_wconf 84' lang='lat' dir='ltr'><strong>praeteritos.</strong></span> 
     </span>
     <span class='ocr_line' id='line_1_14' title="bbox 150 2129 1480 2193; baseline 0.001 -16"><span class='ocrx_word' id='word_1_77' title='bbox 150 2130 441 2193; x_wconf 86' lang='lat' dir='ltr'><strong>exemplum</strong></span> <span class='ocrx_word' id='word_1_78' title='bbox 467 2133 564 2176; x_wconf 89' lang='lat' dir='ltr'><strong>iam</strong></span> <span class='ocrx_word' id='word_1_79' title='bbox 591 2132 748 2192; x_wconf 85' lang='lat' dir='ltr'><strong>patris</strong></span> <span class='ocrx_word' id='word_1_80' title='bbox 773 2129 943 2187; x_wconf 86' lang='lat' dir='ltr'><strong>habes,</strong></span> <span class='ocrx_word' id='word_1_81' title='bbox 972 2136 1030 2176; x_wconf 91' lang='lat' dir='ltr'><strong>ut</strong></span> <span class='ocrx_word' id='word_1_82' title='bbox 1054 2133 1284 2191; x_wconf 87' lang='lat' dir='ltr'><strong>protinus</strong></span> <span class='ocrx_word' id='word_1_83' title='bbox 1305 2130 1324 2161; x_wconf 81' lang='lat'>3</span> <span class='ocrx_word' id='word_1_84' title='bbox 1350 2138 1402 2178; x_wconf 89' lang='lat' dir='ltr'><strong>et</strong></span> <span class='ocrx_word' id='word_1_85' title='bbox 1429 2138 1480 2178; x_wconf 90' lang='lat' dir='ltr'><strong>te</strong></span> 
     </span>
    </p>
   </div>
   <div class='ocr_carea' id='block_1_8' title="bbox 216 2220 1663 2283">
    <p class='ocr_par' dir='ltr' id='par_1_9' title="bbox 216 2220 1663 2283">
     <span class='ocr_line' id='line_1_15' title="bbox 216 2220 1663 2283; baseline 0.001 -16"><span class='ocrx_word' id='word_1_86' title='bbox 216 2220 466 2283; x_wconf 82' lang='lat' dir='ltr'><strong>adgreget</strong></span> <span class='ocrx_word' id='word_1_87' title='bbox 483 2220 501 2249; x_wconf 86' lang='lat'>4</span> <span class='ocrx_word' id='word_1_88' title='bbox 527 2221 763 2267; x_wconf 88' lang='lat' dir='ltr'><strong>Ausoniis</strong></span> <span class='ocrx_word' id='word_1_89' title='bbox 789 2236 1010 2282; x_wconf 88' lang='lat' dir='ltr'><strong>purpura</strong></span> <span class='ocrx_word' id='word_1_90' title='bbox 1035 2220 1337 2267; x_wconf 84' lang='lat' dir='ltr'><strong>consulibus.</strong></span> <span class='ocrx_word' id='word_1_91' title='bbox 1605 2223 1663 2269; x_wconf 84' lang='lat'><strong>10</strong></span> 
     </span>
    </p>
   </div>
   <div class='ocr_carea' id='block_1_9' title="bbox 146 2360 1659 2632">
    <p class='ocr_par' dir='ltr' id='par_1_10' title="bbox 203 2360 1545 2414">
     <span class='ocr_line' id='line_1_16' title="bbox 203 2360 1545 2414; baseline 0.001 -13"><span class='ocrx_word' id='word_1_92' title='bbox 203 2360 217 2384; x_wconf 77' lang='lat'>1</span> <span class='ocrx_word' id='word_1_93' title='bbox 246 2361 479 2402; x_wconf 77' lang='lat' dir='ltr'><strong>Conclusio</strong></span> <span class='ocrx_word' id='word_1_94' title='bbox 501 2392 509 2400; x_wconf 90' lang='lat'><strong>.</strong></span> <span class='ocrx_word' id='word_1_95' title='bbox 538 2393 544 2401; x_wconf 96' lang='lat'>.</span> <span class='ocrx_word' id='word_1_96' title='bbox 573 2392 581 2400; x_wconf 90' lang='lat'><strong>.</strong></span> <span class='ocrx_word' id='word_1_97' title='bbox 609 2360 685 2400; x_wconf 84' lang='lat' dir='ltr'><strong>sal.</strong></span> <span class='ocrx_word' id='word_1_98' title='bbox 749 2360 854 2400; x_wconf 84' lang='lat' dir='ltr'><strong>This</strong></span> <span class='ocrx_word' id='word_1_99' title='bbox 876 2361 1066 2414; x_wconf 84' lang='lat' dir='ltr'><strong>heading</strong></span> <span class='ocrx_word' id='word_1_100' title='bbox 1087 2363 1123 2401; x_wconf 90' lang='lat' dir='ltr'><strong>is</strong></span> <span class='ocrx_word' id='word_1_101' title='bbox 1144 2361 1280 2401; x_wconf 86' lang='lat' dir='ltr'><strong>found</strong></span> <span class='ocrx_word' id='word_1_102' title='bbox 1303 2362 1405 2414; x_wconf 88' lang='lat' dir='ltr'><strong>only</strong></span> <span class='ocrx_word' id='word_1_103' title='bbox 1428 2362 1472 2401; x_wconf 89' lang='lat' dir='ltr'><strong>in</strong></span> <span class='ocrx_word' id='word_1_104' title='bbox 1503 2362 1545 2402; x_wconf 91' lang='lat' dir='ltr'><strong>V.</strong></span> 
     </span>
    </p>

    <p class='ocr_par' dir='ltr' id='par_1_11' title="bbox 146 2414 1659 2522">
     <span class='ocr_line' id='line_1_17' title="bbox 202 2414 1659 2468; baseline 0 -12"><span class='ocrx_word' id='word_1_105' title='bbox 202 2414 219 2439; x_wconf 72' lang='lat'><strong>²</strong></span> <span class='ocrx_word' id='word_1_106' title='bbox 247 2415 303 2456; x_wconf 86' lang='lat' dir='ltr'><strong>So</strong></span> <span class='ocrx_word' id='word_1_107' title='bbox 324 2416 380 2455; x_wconf 81' lang='lat' dir='ltr'><em>M</em></span> <span class='ocrx_word' id='word_1_108' title='bbox 411 2417 472 2466; x_wconf 90' lang='lat' dir='ltr'><strong>(in</strong></span> <span class='ocrx_word' id='word_1_109' title='bbox 498 2416 622 2468; x_wconf 81' lang='lat' dir='ltr'><strong>place</strong></span> <span class='ocrx_word' id='word_1_110' title='bbox 643 2415 688 2454; x_wconf 82' lang='lat' dir='ltr'><strong>of</strong></span> <span class='ocrx_word' id='word_1_111' title='bbox 718 2416 794 2455; x_wconf 89' lang='lat' dir='ltr'><strong>the</strong></span> <span class='ocrx_word' id='word_1_112' title='bbox 817 2416 919 2455; x_wconf 71' lang='lat' dir='ltr'><strong>title</strong></span> <span class='ocrx_word' id='word_1_113' title='bbox 941 2416 1045 2455; x_wconf 81' lang='lat' dir='ltr'><strong>read</strong></span> <span class='ocrx_word' id='word_1_114' title='bbox 1068 2418 1111 2455; x_wconf 91' lang='lat' dir='ltr'><strong>in</strong></span> <span class='ocrx_word' id='word_1_115' title='bbox 1142 2417 1204 2465; x_wconf 87' lang='lat' dir='ltr'><strong>V).</strong></span> <span class='ocrx_word' id='word_1_116' title='bbox 1268 2417 1426 2467; x_wconf 75' lang='lat' dir='ltr'><strong>Peiper</strong></span> <span class='ocrx_word' id='word_1_117' title='bbox 1445 2417 1659 2457; x_wconf 79' lang='lat' dir='ltr'><strong>transfers</strong></span> 
     </span>
     <span class='ocr_line' id='line_1_18' title="bbox 146 2470 603 2522; baseline -0.002 -12"><span class='ocrx_word' id='word_1_118' title='bbox 146 2470 238 2510; x_wconf 74' lang='lat' dir='ltr'><strong>this</strong></span> <span class='ocrx_word' id='word_1_119' title='bbox 259 2471 451 2522; x_wconf 85' lang='lat' dir='ltr'><strong>heading</strong></span> <span class='ocrx_word' id='word_1_120' title='bbox 472 2475 519 2510; x_wconf 82' lang='lat' dir='ltr'><strong>to</strong></span> <span class='ocrx_word' id='word_1_121' title='bbox 545 2471 603 2509; x_wconf 89' lang='lat' dir='ltr'><strong>iv.</strong></span> 
     </span>
    </p>

    <p class='ocr_par' dir='ltr' id='par_1_12' title="bbox 200 2523 1294 2577">
     <span class='ocr_line' id='line_1_19' title="bbox 200 2523 1294 2577; baseline 0.002 -14"><span class='ocrx_word' id='word_1_122' title='bbox 200 2525 216 2548; x_wconf 77' lang='grc'><strong><em>3</em></strong></span> <span class='ocrx_word' id='word_1_123' title='bbox 256 2525 313 2563; x_wconf 85' lang='lat' dir='ltr'><strong>V:</strong></span> <span class='ocrx_word' id='word_1_124' title='bbox 348 2525 548 2576; x_wconf 79' lang='lat' dir='ltr'><strong>exemplo</strong></span> <span class='ocrx_word' id='word_1_125' title='bbox 569 2523 739 2564; x_wconf 78' lang='lat' dir='ltr'><strong>confide</strong></span> <span class='ocrx_word' id='word_1_126' title='bbox 760 2538 881 2564; x_wconf 89' lang='lat' dir='ltr'><strong>meo:</strong></span> <span class='ocrx_word' id='word_1_127' title='bbox 916 2525 976 2564; x_wconf 84' lang='lat' dir='ltr'><strong>sie</strong></span> <span class='ocrx_word' id='word_1_128' title='bbox 999 2527 1216 2577; x_wconf 84' lang='lat' dir='ltr'><strong>protinus,</strong></span> <span class='ocrx_word' id='word_1_129' title='bbox 1245 2527 1294 2566; x_wconf 92' lang='lat' dir='ltr'><strong>Z.</strong></span> 
     </span>
    </p>

    <p class='ocr_par' dir='ltr' id='par_1_13' title="bbox 201 2579 628 2632">
     <span class='ocr_line' id='line_1_20' title="bbox 201 2579 628 2632; baseline -0.005 -12"><span class='ocrx_word' id='word_1_130' title='bbox 201 2579 216 2602; x_wconf 78' lang='lat'>⁴</span> <span class='ocrx_word' id='word_1_131' title='bbox 253 2580 313 2620; x_wconf 88' lang='lat' dir='ltr'><strong>V:</strong></span> <span class='ocrx_word' id='word_1_132' title='bbox 345 2579 552 2632; x_wconf 84' lang='lat' dir='ltr'><strong>applicet,</strong></span> <span class='ocrx_word' id='word_1_133' title='bbox 579 2580 628 2619; x_wconf 88' lang='lat' dir='ltr'><strong>Z.</strong></span> 
     </span>
    </p>
   </div>
   <div class='ocr_carea' id='block_1_10' title="bbox 148 2679 244 2739">
    <p class='ocr_par' dir='ltr' id='par_1_14' title="bbox 148 2679 244 2739">
     <span class='ocr_line' id='line_1_21' title="bbox 148 2679 244 2739; baseline -0.031 0"><span class='ocrx_word' id='word_1_134' title='bbox 148 2679 244 2739; x_wconf 85' lang='lat'><strong>348</strong></span> 
     </span>
    </p>
   </div>
   <div class='ocr_carea' id='block_1_11' title="bbox 1846 506 1871 2354">
    <p class='ocr_par' dir='ltr' id='par_1_15' title="bbox 1846 506 1871 2354">
     <span class='ocr_line' id='line_1_22' title="bbox 1846 506 1871 2354; textangle 90"><span class='ocrx_word' id='word_1_135' title='bbox 1868 2351 1871 2354; x_wconf 22' lang='grc' dir='ltr'><strong>Α</strong></span> <span class='ocrx_word' id='word_1_136' title='bbox 1859 2286 1871 2331; x_wconf 57' lang='lat'><strong>-„-;</strong></span> <span class='ocrx_word' id='word_1_137' title='bbox 1846 1378 1871 2278; x_wconf 52' lang='lat' dir='ltr'><strong>..ammam—aammmaemaefflm</strong></span> <span class='ocrx_word' id='word_1_138' title='bbox 1848 589 1871 1368; x_wconf 51' lang='lat' dir='ltr'><strong>ss.⁸.fflmssfflfflnm.nosst.nvfflfflv</strong></span> <span class='ocrx_word' id='word_1_139' title='bbox 1860 569 1862 577; x_wconf 89' lang='lat'><em>-</em></span> <span class='ocrx_word' id='word_1_140' title='bbox 1850 506 1871 558; x_wconf 58' lang='lat' dir='ltr'><strong>a:</strong></span> 
     </span>
    </p>
   </div>
  </div>
 </body>
</html>
