<?xml version="1.0" encoding="UTF-8"?>
<!DOCTYPE html PUBLIC "-//W3C//DTD XHTML 1.0 Transitional//EN"
    "http://www.w3.org/TR/xhtml1/DTD/xhtml1-transitional.dtd">
<html xmlns="http://www.w3.org/1999/xhtml" xml:lang="en" lang="en">
 <head>
  <title>
</title>
<meta http-equiv="Content-Type" content="text/html;charset=utf-8" />
  <meta name='ocr-system' content='tesseract 3.04.00' />
  <meta name='ocr-capabilities' content='ocr_page ocr_carea ocr_par ocr_line ocrx_word'/>
</head>
<body>
  <div class='ocr_page' id='page_1' title='image "ausonius00auso_0178.png"; bbox 0 0 1871 3046; ppageno 0'>
   <div class='ocr_carea' id='block_1_1' title="bbox 842 186 1197 235">
    <p class='ocr_par' dir='ltr' id='par_1_1' title="bbox 842 186 1197 235">
     <span class='ocr_line' id='line_1_1' title="bbox 842 186 1197 235; baseline 0.006 -2"><span class='ocrx_word' id='word_1_1' title='bbox 842 186 1197 235; x_wconf 90' lang='lat' dir='ltr'>AUSONIUS</span> 
     </span>
    </p>
   </div>
   <div class='ocr_carea' id='block_1_2' title="bbox 312 334 1720 452">
    <p class='ocr_par' dir='ltr' id='par_1_2' title="bbox 312 334 1720 452">
     <span class='ocr_line' id='line_1_2' title="bbox 312 334 1720 385; baseline 0.004 -5"><span class='ocrx_word' id='word_1_2' title='bbox 312 334 860 384; x_wconf 63' lang='lat' dir='ltr'>XVIII--MAncmm</span> <span class='ocrx_word' id='word_1_3' title='bbox 900 338 1162 384; x_wconf 84' lang='lat' dir='ltr'>MARCELLI</span> <span class='ocrx_word' id='word_1_4' title='bbox 1201 337 1338 384; x_wconf 79' lang='lat' dir='ltr'>FILIO</span> <span class='ocrx_word' id='word_1_5' title='bbox 1378 338 1720 385; x_wconf 73' lang='lat' dir='ltr'>GRAMMATlco</span> 
     </span>
     <span class='ocr_line' id='line_1_3' title="bbox 854 405 1180 452; baseline 0 -2"><span class='ocrx_word' id='word_1_6' title='bbox 854 405 1180 452; x_wconf 79' lang='lat' dir='ltr'>NARBONENSI</span> 
     </span>
    </p>
   </div>
   <div class='ocr_carea' id='block_1_3' title="bbox 258 529 1629 837">
    <p class='ocr_par' dir='ltr' id='par_1_3' title="bbox 258 529 1629 753">
     <span class='ocr_line' id='line_1_4' title="bbox 261 529 1478 592; baseline 0.003 -19"><span class='ocrx_word' id='word_1_7' title='bbox 261 529 306 573; x_wconf 93' lang='lat' dir='ltr'>N</span> <span class='ocrx_word' id='word_1_8' title='bbox 312 545 368 575; x_wconf 76' lang='lat' dir='ltr'>Ec</span> <span class='ocrx_word' id='word_1_9' title='bbox 393 535 446 576; x_wconf 88' lang='lat' dir='ltr'>te</span> <span class='ocrx_word' id='word_1_10' title='bbox 474 530 717 577; x_wconf 88' lang='lat' dir='ltr'>Marcello</span> <span class='ocrx_word' id='word_1_11' title='bbox 744 534 991 592; x_wconf 80' lang='lat' dir='ltr'>genitum,</span> <span class='ocrx_word' id='word_1_12' title='bbox 1021 529 1279 586; x_wconf 82' lang='lat' dir='ltr'>Marcelle,</span> <span class='ocrx_word' id='word_1_13' title='bbox 1305 530 1478 588; x_wconf 80' lang='lat' dir='ltr'>silebo,</span> 
     </span>
     <span class='ocr_line' id='line_1_5' title="bbox 324 610 1537 674; baseline 0.002 -18"><span class='ocrx_word' id='word_1_14' title='bbox 324 627 499 672; x_wconf 84' lang='lat' dir='ltr'>aspera</span> <span class='ocrx_word' id='word_1_15' title='bbox 526 627 678 673; x_wconf 90' lang='lat' dir='ltr'>quem</span> <span class='ocrx_word' id='word_1_16' title='bbox 704 613 939 672; x_wconf 75' lang='lat' dir='ltr'><strong>genetrix</strong></span> <span class='ocrx_word' id='word_1_17' title='bbox 967 611 1108 668; x_wconf 78' lang='lat' dir='ltr'>urbe,</span> <span class='ocrx_word' id='word_1_18' title='bbox 1134 610 1284 656; x_wconf 89' lang='lat' dir='ltr'>domo</span> <span class='ocrx_word' id='word_1_19' title='bbox 1309 611 1507 674; x_wconf 84' lang='lat' dir='ltr'>pepulit</span> <span class='ocrx_word' id='word_1_20' title='bbox 1529 630 1537 658; x_wconf 94' lang='lat'><strong>:</strong></span> 
     </span>
     <span class='ocr_line' id='line_1_6' title="bbox 258 690 1629 753; baseline 0.003 -17"><span class='ocrx_word' id='word_1_21' title='bbox 258 690 346 737; x_wconf 85' lang='lat' dir='ltr'>sed</span> <span class='ocrx_word' id='word_1_22' title='bbox 374 691 573 737; x_wconf 78' lang='lat' dir='ltr'>fortuna</span> <span class='ocrx_word' id='word_1_23' title='bbox 601 697 783 753; x_wconf 86' lang='lat' dir='ltr'>potens</span> <span class='ocrx_word' id='word_1_24' title='bbox 809 694 909 737; x_wconf 82' lang='lat' dir='ltr'>cito</span> <span class='ocrx_word' id='word_1_25' title='bbox 936 690 1162 737; x_wconf 76' lang='lat' dir='ltr'>reddidit</span> <span class='ocrx_word' id='word_1_26' title='bbox 1189 696 1356 738; x_wconf 88' lang='lat' dir='ltr'>omnia</span> <span class='ocrx_word' id='word_1_27' title='bbox 1382 700 1435 739; x_wconf 87' lang='lat' dir='ltr'>et</span> <span class='ocrx_word' id='word_1_28' title='bbox 1460 698 1629 740; x_wconf 82' lang='lat' dir='ltr'>auxit:</span> 
     </span>
    </p>

    <p class='ocr_par' dir='ltr' id='par_1_4' title="bbox 324 773 1422 837">
     <span class='ocr_line' id='line_1_7' title="bbox 324 773 1422 837; baseline 0.005 -20"><span class='ocrx_word' id='word_1_29' title='bbox 324 776 554 818; x_wconf 87' lang='lat' dir='ltr'>amissam</span> <span class='ocrx_word' id='word_1_30' title='bbox 579 776 800 834; x_wconf 85' lang='lat' dir='ltr'>primum</span> <span class='ocrx_word' id='word_1_31' title='bbox 828 773 998 819; x_wconf 81' lang='lat' dir='ltr'>Narbo</span> <span class='ocrx_word' id='word_1_32' title='bbox 1024 773 1169 820; x_wconf 85' lang='lat' dir='ltr'>dedit</span> <span class='ocrx_word' id='word_1_33' title='bbox 1194 778 1422 837; x_wconf 83' lang='lat' dir='ltr'>patriam.</span> 
     </span>
    </p>
   </div>
   <div class='ocr_carea' id='block_1_4' title="bbox 1742 860 1769 903">
    <p class='ocr_par' dir='ltr' id='par_1_5' title="bbox 1742 860 1769 903">
     <span class='ocr_line' id='line_1_8' title="bbox 1742 860 1769 903; textangle 90"><span class='ocrx_word' id='word_1_34' title='bbox 1742 860 1769 903; x_wconf 65' lang='lat' dir='ltr'>Ul</span> 
     </span>
    </p>
   </div>
   <div class='ocr_carea' id='block_1_5' title="bbox 255 854 1771 1655">
    <p class='ocr_par' dir='ltr' id='par_1_6' title="bbox 257 854 1455 1000">
     <span class='ocr_line' id='line_1_9' title="bbox 257 854 1455 918; baseline 0.004 -20"><span class='ocrx_word' id='word_1_35' title='bbox 257 854 437 900; x_wconf 88' lang='lat' dir='ltr'>nobilis</span> <span class='ocrx_word' id='word_1_36' title='bbox 463 854 545 900; x_wconf 89' lang='lat' dir='ltr'>hic</span> <span class='ocrx_word' id='word_1_37' title='bbox 571 854 754 918; x_wconf 82' lang='lat' dir='ltr'>hospes</span> <span class='ocrx_word' id='word_1_38' title='bbox 781 855 1064 902; x_wconf 76' lang='lat' dir='ltr'>Clarentius</span> <span class='ocrx_word' id='word_1_39' title='bbox 1091 856 1261 903; x_wconf 88' lang='lat' dir='ltr'>indole</span> <span class='ocrx_word' id='word_1_40' title='bbox 1287 864 1455 904; x_wconf 88' lang='lat' dir='ltr'>motus</span> 
     </span>
     <span class='ocr_line' id='line_1_10' title="bbox 325 937 1275 1000; baseline 0.004 -19"><span class='ocrx_word' id='word_1_41' title='bbox 325 940 531 998; x_wconf 79' lang='lat' dir='ltr'>egregia</span> <span class='ocrx_word' id='word_1_42' title='bbox 555 943 728 984; x_wconf 81' lang='lat' dir='ltr'>natam</span> <span class='ocrx_word' id='word_1_43' title='bbox 754 940 988 1000; x_wconf 80' lang='lat' dir='ltr'>coniugio</span> <span class='ocrx_word' id='word_1_44' title='bbox 1015 937 1275 985; x_wconf 77' lang='lat' dir='ltr'>adtribuit.</span> 
     </span>
    </p>

    <p class='ocr_par' dir='ltr' id='par_1_7' title="bbox 255 1019 1664 1166">
     <span class='ocr_line' id='line_1_11' title="bbox 255 1019 1664 1085; baseline 0.004 -22"><span class='ocrx_word' id='word_1_45' title='bbox 255 1035 371 1064; x_wconf 85' lang='lat' dir='ltr'>mox</span> <span class='ocrx_word' id='word_1_46' title='bbox 397 1019 567 1065; x_wconf 87' lang='lat' dir='ltr'>schola</span> <span class='ocrx_word' id='word_1_47' title='bbox 594 1026 646 1066; x_wconf 85' lang='lat' dir='ltr'>et</span> <span class='ocrx_word' id='word_1_48' title='bbox 671 1020 870 1067; x_wconf 77' lang='lat' dir='ltr'>auditor</span> <span class='ocrx_word' id='word_1_49' title='bbox 896 1020 1085 1068; x_wconf 84' lang='lat' dir='ltr'>multus</span> <span class='ocrx_word' id='word_1_50' title='bbox 1112 1028 1477 1085; x_wconf 81' lang='lat' dir='ltr'>praetextaque</span> <span class='ocrx_word' id='word_1_51' title='bbox 1504 1024 1664 1085; x_wconf 82' lang='lat' dir='ltr'>pubes</span> 
     </span>
     <span class='ocr_line' id='line_1_12' title="bbox 324 1102 1368 1166; baseline 0.004 -20"><span class='ocrx_word' id='word_1_52' title='bbox 324 1105 641 1163; x_wconf 80' lang='lat' dir='ltr'>grammatici</span> <span class='ocrx_word' id='word_1_53' title='bbox 667 1118 855 1148; x_wconf 88' lang='lat' dir='ltr'>nomen</span> <span class='ocrx_word' id='word_1_54' title='bbox 881 1102 1184 1166; x_wconf 80' lang='lat' dir='ltr'>divitiasque</span> <span class='ocrx_word' id='word_1_55' title='bbox 1210 1103 1368 1150; x_wconf 81' lang='lat' dir='ltr'>dedit.</span> 
     </span>
    </p>

    <p class='ocr_par' dir='ltr' id='par_1_8' title="bbox 256 1182 1771 1330">
     <span class='ocr_line' id='line_1_13' title="bbox 256 1182 1588 1246; baseline 0.004 -18"><span class='ocrx_word' id='word_1_56' title='bbox 256 1182 346 1229; x_wconf 87' lang='lat' dir='ltr'>sed</span> <span class='ocrx_word' id='word_1_57' title='bbox 371 1200 647 1246; x_wconf 86' lang='lat' dir='ltr'>numquam</span> <span class='ocrx_word' id='word_1_58' title='bbox 673 1188 844 1246; x_wconf 82' lang='lat' dir='ltr'>iugem</span> <span class='ocrx_word' id='word_1_59' title='bbox 871 1201 1070 1231; x_wconf 88' lang='lat' dir='ltr'>cursum</span> <span class='ocrx_word' id='word_1_60' title='bbox 1097 1184 1300 1232; x_wconf 85' lang='lat' dir='ltr'>fortuna</span> <span class='ocrx_word' id='word_1_61' title='bbox 1325 1186 1588 1245; x_wconf 77' lang='lat' dir='ltr'>secundat,</span> 
     </span>
     <span class='ocr_line' id='line_1_14' title="bbox 325 1268 1771 1330; baseline 0.003 -20"><span class='ocrx_word' id='word_1_62' title='bbox 325 1269 621 1326; x_wconf 80' lang='lat' dir='ltr'>praesertim</span> <span class='ocrx_word' id='word_1_63' title='bbox 649 1269 787 1328; x_wconf 85' lang='lat' dir='ltr'>pravi</span> <span class='ocrx_word' id='word_1_64' title='bbox 813 1273 1001 1312; x_wconf 87' lang='lat' dir='ltr'>nancta</span> <span class='ocrx_word' id='word_1_65' title='bbox 1026 1270 1188 1313; x_wconf 87' lang='lat' dir='ltr'>virum</span> <span class='ocrx_word' id='word_1_66' title='bbox 1213 1271 1419 1330; x_wconf 85' lang='lat' dir='ltr'>ingenii.</span> <span class='ocrx_word' id='word_1_67' title='bbox 1711 1268 1771 1314; x_wconf 88' lang='grc'>10</span> 
     </span>
    </p>

    <p class='ocr_par' dir='ltr' id='par_1_9' title="bbox 257 1347 1663 1492">
     <span class='ocr_line' id='line_1_15' title="bbox 257 1347 1663 1412; baseline 0.003 -20"><span class='ocrx_word' id='word_1_68' title='bbox 257 1363 431 1393; x_wconf 87' lang='lat' dir='ltr'>verum</span> <span class='ocrx_word' id='word_1_69' title='bbox 452 1347 709 1393; x_wconf 86' lang='lat' dir='ltr'>oneranda</span> <span class='ocrx_word' id='word_1_70' title='bbox 729 1347 852 1393; x_wconf 84' lang='lat' dir='ltr'>mihi</span> <span class='ocrx_word' id='word_1_71' title='bbox 872 1365 973 1394; x_wconf 90' lang='lat' dir='ltr'>non</span> <span class='ocrx_word' id='word_1_72' title='bbox 995 1355 1128 1406; x_wconf 80' lang='lat' dir='ltr'>sunt,</span> <span class='ocrx_word' id='word_1_73' title='bbox 1149 1350 1475 1397; x_wconf 82' lang='lat' dir='ltr'>memoranda</span> <span class='ocrx_word' id='word_1_74' title='bbox 1495 1354 1663 1412; x_wconf 83' lang='lat' dir='ltr'>recepi</span> 
     </span>
     <span class='ocr_line' id='line_1_16' title="bbox 324 1427 1525 1492; baseline 0.004 -19"><span class='ocrx_word' id='word_1_75' title='bbox 324 1427 459 1484; x_wconf 83' lang='lat' dir='ltr'>fata3</span> <span class='ocrx_word' id='word_1_76' title='bbox 498 1435 575 1475; x_wconf 85' lang='lat' dir='ltr'>sat</span> <span class='ocrx_word' id='word_1_77' title='bbox 601 1436 679 1476; x_wconf 82' lang='lat' dir='ltr'>est</span> <span class='ocrx_word' id='word_1_78' title='bbox 703 1429 897 1476; x_wconf 84' lang='lat' dir='ltr'>dictum</span> <span class='ocrx_word' id='word_1_79' title='bbox 924 1437 1106 1476; x_wconf 78' lang='lat' dir='ltr'>cuncta</span> <span class='ocrx_word' id='word_1_80' title='bbox 1131 1434 1321 1492; x_wconf 88' lang='lat' dir='ltr'>perisse</span> <span class='ocrx_word' id='word_1_81' title='bbox 1348 1431 1525 1478; x_wconf 85' lang='lat' dir='ltr'>simul:</span> 
     </span>
    </p>

    <p class='ocr_par' dir='ltr' id='par_1_10' title="bbox 256 1512 1712 1655">
     <span class='ocr_line' id='line_1_17' title="bbox 256 1512 1712 1576; baseline 0.003 -21"><span class='ocrx_word' id='word_1_82' title='bbox 256 1527 358 1556; x_wconf 92' lang='lat' dir='ltr'>non</span> <span class='ocrx_word' id='word_1_83' title='bbox 384 1516 559 1557; x_wconf 83' lang='lat' dir='ltr'>tamen</span> <span class='ocrx_word' id='word_1_84' title='bbox 587 1518 640 1557; x_wconf 91' lang='lat' dir='ltr'>et</span> <span class='ocrx_word' id='word_1_85' title='bbox 664 1528 869 1569; x_wconf 65' lang='lat' dir='ltr'>nomem</span> <span class='ocrx_word' id='word_1_86' title='bbox 895 1528 994 1574; x_wconf 91' lang='lat' dir='ltr'>quo</span> <span class='ocrx_word' id='word_1_87' title='bbox 1020 1519 1072 1559; x_wconf 81' lang='lat' dir='ltr'>te</span> <span class='ocrx_word' id='word_1_88' title='bbox 1098 1529 1201 1558; x_wconf 89' lang='lat' dir='ltr'>non</span> <span class='ocrx_word' id='word_1_89' title='bbox 1227 1512 1421 1571; x_wconf 84' lang='lat' dir='ltr'>fraudo,</span> <span class='ocrx_word' id='word_1_90' title='bbox 1447 1520 1712 1576; x_wconf 87' lang='lat' dir='ltr'>receptum</span> 
     </span>
     <span class='ocr_line' id='line_1_18' title="bbox 323 1595 1360 1655; baseline 0.005 -17"><span class='ocrx_word' id='word_1_91' title='bbox 323 1595 458 1639; x_wconf 88' lang='lat' dir='ltr'>inter</span> <span class='ocrx_word' id='word_1_92' title='bbox 483 1596 837 1654; x_wconf 84' lang='lat' dir='ltr'>grammaticos</span> <span class='ocrx_word' id='word_1_93' title='bbox 864 1598 1155 1655; x_wconf 77' lang='lat' dir='ltr'>praetenuis</span> <span class='ocrx_word' id='word_1_94' title='bbox 1180 1598 1360 1643; x_wconf 82' lang='lat' dir='ltr'>meriti.</span> 
     </span>
    </p>
   </div>
   <div class='ocr_carea' id='block_1_6' title="bbox 504 1877 1523 1926">
    <p class='ocr_par' dir='ltr' id='par_1_11' title="bbox 504 1877 1523 1926">
     <span class='ocr_line' id='line_1_19' title="bbox 504 1877 1523 1926; baseline 0.003 -4"><span class='ocrx_word' id='word_1_95' title='bbox 504 1877 946 1925; x_wconf 62' lang='lat' dir='ltr'>xlx—SEDATUS</span> <span class='ocrx_word' id='word_1_96' title='bbox 987 1879 1197 1925; x_wconf 78' lang='lat' dir='ltr'>RHETOR</span> <span class='ocrx_word' id='word_1_97' title='bbox 1236 1880 1523 1926; x_wconf 74' lang='lat' dir='ltr'>TOLOSANUS</span> 
     </span>
    </p>
   </div>
   <div class='ocr_carea' id='block_1_7' title="bbox 254 2001 1765 2639">
    <p class='ocr_par' dir='ltr' id='par_1_12' title="bbox 254 2001 1765 2639">
     <span class='ocr_line' id='line_1_20' title="bbox 259 2001 1574 2067; baseline 0.002 -21"><span class='ocrx_word' id='word_1_98' title='bbox 259 2001 493 2047; x_wconf 77' lang='lat' dir='ltr'>RELLIGIO</span> <span class='ocrx_word' id='word_1_99' title='bbox 522 2009 614 2059; x_wconf 83' lang='lat' dir='ltr'>est,</span> <span class='ocrx_word' id='word_1_100' title='bbox 642 2006 854 2049; x_wconf 81' lang='lat' dir='ltr'>tacitum</span> <span class='ocrx_word' id='word_1_101' title='bbox 881 2007 920 2050; x_wconf 89' lang='lat' dir='ltr'>si</span> <span class='ocrx_word' id='word_1_102' title='bbox 946 2011 1016 2062; x_wconf 83' lang='lat' dir='ltr'>te,</span> <span class='ocrx_word' id='word_1_103' title='bbox 1044 2004 1250 2062; x_wconf 87' lang='lat' dir='ltr'>Sedate,</span> <span class='ocrx_word' id='word_1_104' title='bbox 1277 2004 1574 2067; x_wconf 79' lang='lat' dir='ltr'>relinquam,</span> 
     </span>
     <span class='ocr_line' id='line_1_21' title="bbox 322 2083 1476 2148; baseline 0.001 -19"><span class='ocrx_word' id='word_1_105' title='bbox 322 2087 547 2146; x_wconf 84' lang='lat' dir='ltr'>quamvis</span> <span class='ocrx_word' id='word_1_106' title='bbox 573 2084 791 2130; x_wconf 87' lang='lat' dir='ltr'>docendi</span> <span class='ocrx_word' id='word_1_107' title='bbox 818 2101 1000 2132; x_wconf 89' lang='lat' dir='ltr'>munus</span> <span class='ocrx_word' id='word_1_108' title='bbox 1028 2086 1239 2148; x_wconf 87' lang='lat' dir='ltr'>indepte</span> <span class='ocrx_word' id='word_1_109' title='bbox 1267 2101 1320 2132; x_wconf 91' lang='lat' dir='ltr'>es</span> <span class='ocrx_word' id='word_1_110' title='bbox 1345 2083 1476 2131; x_wconf 88' lang='lat' dir='ltr'>foris.</span> 
     </span>
     <span class='ocr_line' id='line_1_22' title="bbox 255 2167 1619 2229; baseline -0.001 -16"><span class='ocrx_word' id='word_1_111' title='bbox 255 2170 534 2213; x_wconf 84' lang='lat' dir='ltr'>communis</span> <span class='ocrx_word' id='word_1_112' title='bbox 558 2169 720 2228; x_wconf 86' lang='lat' dir='ltr'>patria</span> <span class='ocrx_word' id='word_1_113' title='bbox 746 2173 824 2213; x_wconf 83' lang='lat' dir='ltr'>est</span> <span class='ocrx_word' id='word_1_114' title='bbox 849 2173 1021 2213; x_wconf 87' lang='lat' dir='ltr'>tecum</span> <span class='ocrx_word' id='word_1_115' title='bbox 1046 2167 1200 2213; x_wconf 85' lang='lat' dir='ltr'>mihi:</span> <span class='ocrx_word' id='word_1_116' title='bbox 1239 2174 1373 2213; x_wconf 82' lang='lat' dir='ltr'>sorte</span> <span class='ocrx_word' id='word_1_117' title='bbox 1393 2170 1619 2229; x_wconf 86' lang='lat' dir='ltr'>potentis</span> 
     </span>
     <span class='ocr_line' id='line_1_23' title="bbox 322 2247 1426 2296; baseline 0.002 -3"><span class='ocrx_word' id='word_1_118' title='bbox 322 2247 414 2294; x_wconf 87' lang='lat' dir='ltr'>fati</span> <span class='ocrx_word' id='word_1_119' title='bbox 439 2248 672 2294; x_wconf 85' lang='lat' dir='ltr'>Tolosam</span> <span class='ocrx_word' id='word_1_120' title='bbox 697 2254 912 2294; x_wconf 84' lang='lat' dir='ltr'>nanctus</span> <span class='ocrx_word' id='word_1_121' title='bbox 933 2265 986 2294; x_wconf 88' lang='lat' dir='ltr'>es</span> <span class='ocrx_word' id='word_1_122' title='bbox 1012 2248 1186 2295; x_wconf 89' lang='lat' dir='ltr'>sedem</span> <span class='ocrx_word' id='word_1_123' title='bbox 1212 2248 1426 2296; x_wconf 86' lang='lat' dir='ltr'>scholae.</span> 
     </span>
     <span class='ocr_line' id='line_1_24' title="bbox 256 2330 1765 2394; baseline 0.001 -19"><span class='ocrx_word' id='word_1_124' title='bbox 256 2330 357 2376; x_wconf 88' lang='lat' dir='ltr'>illic</span> <span class='ocrx_word' id='word_1_125' title='bbox 383 2333 672 2392; x_wconf 85' lang='lat' dir='ltr'>coniugium</span> <span class='ocrx_word' id='word_1_126' title='bbox 699 2333 906 2393; x_wconf 82' lang='lat' dir='ltr'>natique</span> <span class='ocrx_word' id='word_1_127' title='bbox 935 2331 1249 2394; x_wconf 88' lang='lat' dir='ltr'>opulensque</span> <span class='ocrx_word' id='word_1_128' title='bbox 1276 2337 1512 2378; x_wconf 87' lang='lat' dir='ltr'>senectus</span> <span class='ocrx_word' id='word_1_129' title='bbox 1738 2332 1765 2376; x_wconf 87' lang='lat'>5</span> 
     </span>
     <span class='ocr_line' id='line_1_25' title="bbox 322 2410 1394 2475; baseline 0.001 -17"><span class='ocrx_word' id='word_1_130' title='bbox 322 2418 376 2458; x_wconf 85' lang='lat' dir='ltr'>et</span> <span class='ocrx_word' id='word_1_131' title='bbox 399 2410 547 2469; x_wconf 84' lang='lat' dir='ltr'>fama,</span> <span class='ocrx_word' id='word_1_132' title='bbox 572 2427 757 2473; x_wconf 81' lang='lat' dir='ltr'>magno</span> <span class='ocrx_word' id='word_1_133' title='bbox 783 2412 943 2474; x_wconf 90' lang='lat' dir='ltr'>qualis</span> <span class='ocrx_word' id='word_1_134' title='bbox 971 2419 1048 2459; x_wconf 86' lang='lat' dir='ltr'>est</span> <span class='ocrx_word' id='word_1_135' title='bbox 1075 2430 1164 2475; x_wconf 88' lang='lat' dir='ltr'>par</span> <span class='ocrx_word' id='word_1_136' title='bbox 1189 2413 1394 2460; x_wconf 78' lang='lat' dir='ltr'>rhetori,</span> 
     </span>
     <span class='ocr_line' id='line_1_26' title="bbox 254 2495 1427 2558; baseline 0.001 -18"><span class='ocrx_word' id='word_1_137' title='bbox 254 2497 478 2556; x_wconf 87' lang='lat' dir='ltr'>quamvis</span> <span class='ocrx_word' id='word_1_138' title='bbox 506 2499 717 2540; x_wconf 81' lang='lat' dir='ltr'>externa</span> <span class='ocrx_word' id='word_1_139' title='bbox 741 2499 914 2539; x_wconf 86' lang='lat' dir='ltr'>tamen</span> <span class='ocrx_word' id='word_1_140' title='bbox 940 2511 967 2539; x_wconf 86' lang='lat' dir='ltr'>a</span> <span class='ocrx_word' id='word_1_141' title='bbox 994 2498 1201 2558; x_wconf 83' lang='lat' dir='ltr'>regione</span> <span class='ocrx_word' id='word_1_142' title='bbox 1229 2495 1427 2542; x_wconf 83' lang='lat' dir='ltr'>reducit</span> 
     </span>
     <span class='ocr_line' id='line_1_27' title="bbox 322 2578 1404 2639; baseline 0.001 -17"><span class='ocrx_word' id='word_1_143' title='bbox 322 2582 375 2622; x_wconf 84' lang='lat' dir='ltr'>te</span> <span class='ocrx_word' id='word_1_144' title='bbox 400 2579 561 2638; x_wconf 85' lang='lat' dir='ltr'>patria</span> <span class='ocrx_word' id='word_1_145' title='bbox 588 2582 640 2621; x_wconf 88' lang='lat' dir='ltr'>et</span> <span class='ocrx_word' id='word_1_146' title='bbox 666 2578 825 2622; x_wconf 87' lang='lat' dir='ltr'>civem</span> <span class='ocrx_word' id='word_1_147' title='bbox 851 2583 1012 2622; x_wconf 83' lang='lat' dir='ltr'>morte</span> <span class='ocrx_word' id='word_1_148' title='bbox 1038 2578 1175 2624; x_wconf 87' lang='lat' dir='ltr'>obita</span> <span class='ocrx_word' id='word_1_149' title='bbox 1200 2580 1404 2639; x_wconf 85' lang='lat' dir='ltr'>repetit,</span> 
     </span>
    </p>
   </div>
   <div class='ocr_carea' id='block_1_8' title="bbox 262 2667 352 2711">
    <p class='ocr_par' dir='ltr' id='par_1_13' title="bbox 262 2667 352 2711">
     <span class='ocr_line' id='line_1_28' title="bbox 262 2667 352 2711; baseline 0.022 -2"><span class='ocrx_word' id='word_1_150' title='bbox 262 2667 352 2711; x_wconf 87' lang='lat'>126</span> 
     </span>
    </p>
   </div>
   <div class='ocr_carea' id='block_1_9' title="bbox 1840 2423 1871 3046">
    <p class='ocr_par' dir='ltr' id='par_1_14' title="bbox 1840 2423 1871 3046">
     <span class='ocr_line' id='line_1_29' title="bbox 1840 2423 1871 3046; baseline 0 0"><span class='ocrx_word' id='word_1_151' title='bbox 1840 2423 1871 3046; x_wconf 95' lang='lat' dir='ltr'> </span> 
     </span>
    </p>
   </div>
  </div>
 </body>
</html>
