1871 3046
790 184 1148 232 AUSONIUS

435 339 757 385 XXXI.—-1N
798 338 1012 384 TUMULO
1052 338 1278 383 HoM1N1s
1317 338 1508 383 mes

217 462 414 508 SPARGE
435 477 573 507 mero
594 464 788 506 cineres
808 461 940 506 bene
961 459 1145 505 olentis
1166 465 1219 505 et
1239 462 1464 520 unguine
1485 458 1646 515 nardi,

284 529 482 591 hospesj
510 535 564 575 et
587 528 718 575 adde
745 532 867 574 rosis
893 527 1114 574 balsama
1138 530 1378 588 puniceis.

217 603 522 659 perpetuum
546 596 671 642 mihi
697 613 783 642 ver
808 599 915 657 agit
939 594 1315 641 inlacrimabilis
1340 611 1465 640 urna

286 671 338 711 ct
364 668 668 710 commutavi
695 663 909 721 saecula,
935 680 1037 709 non
1064 664 1177 709 obii.

218 732 357 778 nulla
381 732 507 777 mihi
533 735 718 778 veteris
744 735 1008 794 perierunt
1033 730 1216 792 gaudia
1241 734 1390 787 vitae,
1702 744 1729 774 ι)

284 816 372 845 seu
399 802 689 845 meminisse
715 806 864 861 putes
890 802 1072 856 omnia,
1100 802 1202 844 sive
1229 798 1371 845 nihil.

294 1012 670 1060 XXXII.—DE
709 1013 918 1059 NOMINE
956 1013 1216 1059 CUIUSDAM
1256 1013 1399 1059 Lucu
1439 1014 1661 1061 SCULPTO

800 1097 851 1127 IN
891 1082 1155 1127 MARMORE

223 1207 336 1252 UNA
366 1204 589 1267 quidem,
615 1208 832 1267 geminis
858 1205 1024 1268 fulget
1050 1212 1128 1252 set
1154 1205 1328 1253 dissita
1354 1210 1554 1268 punctis

286 1273 475 1329 littera,
501 1289 811 1334 praenomen
838 1277 907 1319 sic
934 1272 1037 1339 [Lz]
1064 1280 1185 1320 nota
1212 1274 1315 1320 sola
1340 1274 1474 1320 facit.

219 1347 333 1403 post
361 1341 447 1386 M.
475 1344 688 1386 incisum
716 1348 822 1387 est:
862 1348 986 1403 puto
1012 1345 1080 1387 sic
1108 1339 1268 1406 [Ax]:
1308 1359 1409 1387 non
1435 1349 1543 1388 tota

355 1408 585 1454 videtur:

287 1475 505 1522 dissiluit
532 1480 635 1522 saxi
661 1476 911 1538 fragmine
939 1476 1102 1523 laesus
1128 1494 1272 1539 apex.

221 1560 316 1590 nec
342 1547 620 1607 quisquam,
648 1560 833 1591 MARIUS
859 1561 947 1591 seu
973 1560 1186 1591 MARCIUS
1211 1562 1342 1592 anne
1370 1561 1621 1592 METELLUS
1707 1547 1735 1592 23

288 1611 369 1657 hic
393 1611 574 1670 iaceat,
601 1616 751 1658 certis
779 1616 976 1659 noverit
1001 1613 1215 1660 indiciis.

221 1683 468 1726 truncatis
495 1680 732 1726 convulsa
757 1684 926 1727 iacent
951 1681 1207 1728 elementa
1234 1682 1420 1744 figuris,

290 1751 457 1793 omnia
483 1748 702 1795 confusis
728 1752 969 1795 interiere
996 1753 1143 1795 notis.

222 1819 461 1862 miremur
486 1820 694 1879 periisse
719 1816 987 1863 homines?
1059 1824 1388 1864 monumenta
1417 1817 1659 1864 fatiscunt
1682 1834 1691 1872 3

289 1901 421 1930 mors
449 1888 603 1931 etiam
629 1888 756 1930 saxis
782 1885 1171 1947 nominibusque
1198 1889 1351 1932 venit.
1677 1886 1737 1932 lO

347 2106 814 2153 XXXIII.—Iussu
854 2108 1078 2153 AUGUsTI
1121 2107 1258 2160 Eoito
1297 2109 1606 2155 ADMIRABILI

228 2232 541 2289 Puospnonss,
568 2232 771 2277 clamosi
797 2235 1014 2293 spatiosa
1039 2248 1129 2294 per
1153 2249 1370 2295 aequora
1396 2237 1512 2279 circi

292 2306 529 2362 septenas
556 2300 732 2345 solitus
758 2303 918 2346 victor
943 2300 1081 2346 obire
1109 2303 1226 2357 vias,

223 2371 610 2429 inproperanter
636 2384 792 2429 agens
818 2371 1004 2429 primos
1030 2385 1057 2412 a
1084 2384 1282 2415 carcere
1310 2385 1496 2426 01115115,

292 2433 436 2482 fortis
462 2438 767 2497 praegressis
792 2441 849 2481 ut
874 2439 1120 2497 potereris
1147 2439 1306 2499 equis,

226 2509 515 2565 promptum
541 2509 595 2549 et
620 2502 816 2549 veloces
845 2509 953 2549 erat
977 2507 1254 2566 anticipare
1281 2504 1548 2567 quadrigas
1569 2522 1578 2550 ε
1709 2507 1736 2551 5

294 2574 509 2617 victores
536 2574 689 2617 etiam
718 2573 917 2617 vincere
944 2570 1051 2618 laus
1076 2576 1252 2634 potior.

235 2663 327 2723 158
