1871 3046
858 190 1220 238 AUSONIUS

280 327 608 386 vinctumque
634 323 825 385 pedicis
851 326 1013 368 aureis
1040 339 1211 369 secum
1236 324 1394 380 iubet,

279 393 531 455 reliquum
556 391 691 454 quod
717 398 851 438 esset
877 394 1024 448 vitae,
1051 397 1218 437 toturn
1244 391 1446 453 degere.
1698 392 1789 437 125

280 477 376 523 ego
399 460 615 506 duorum
639 477 818 522 regum
843 461 1137 505 testimonio

279 528 513 574 laudatus
540 535 593 574 et
617 529 856 590 probatus
881 528 1124 573 ambobus
1149 526 1234 572 fui.

279 596 514 659 quodque
541 600 628 642 uni
653 596 847 642 dictum
874 602 968 647 est,
995 598 1206 658 quisque
1233 595 1325 640 sibi
1351 594 1544 640 dictum
1569 601 1732 656 putet.

347 665 457 726 Ego
482 668 580 709 iam
606 668 797 726 peregi,
825 680 923 726 qua
947 663 1011 709 de
1038 679 1184 709 causa
1208 662 1307 708 huc
1332 662 1507 724 prodii.

278 736 420 779 venit
445 748 563 778 ecce
590 731 783 778 Chilon.
860 747 944 777 vos
970 731 1136 777 valete
1163 737 1216 777 et
1241 730 1482 793 plaudite.
1697 730 1791 776 130

873 925 1196 972 V.—CH1LON

279 1035 448 1083 LUMBI
475 1035 719 1094 sedendO,
744 1035 875 1082 oculi
901 1035 1179 1098 spectando
1203 1035 1396 1094 dolent,

276 1104 532 1151 manendo
558 1103 814 1162 Solonem,
840 1103 1005 1167 quoad
1029 1103 1094 1149 ad
1121 1120 1172 1150 se
1200 1120 1252 1150 se
1277 1104 1526 1167 recipiat)

277 1172 383 1230 hui,
407 1189 558 1235 quam
584 1189 757 1235 pauca,
784 1172 851 1229 di,
877 1172 1115 1218 locuntur
1140 1172 1302 1218 Attici
1324 1174 1332 1218 Ι

278 1258 428 1286 unam
456 1244 703 1287 trecentis
727 1241 952 1286 versibus
978 1243 1288 1287 sententiam

277 1309 487 1355 tandem
514 1312 715 1371 peregit
739 1324 923 1371 meque
949 1315 1242 1370 respectans
1268 1308 1389 1354 abit.
1698 1309 1790 1354 135

347 1376 623 1439 Spartanus
650 1393 745 1439 ego
771 1393 880 1422 sum
906 1375 1104 1434 Chilon,
1129 1379 1214 1438 qui
1240 1393 1375 1421 nunc
1400 1376 1602 1438 prodeo.

278 1446 529 1491 brevitate
555 1451 694 1502 nota,
719 1461 816 1507 qua
843 1443 1069 1490 Lacones
1094 1447 1301 1501 utimur,

277 1513 578 1559 commendo
603 1519 833 1558 nostrum
857 1514 999 1576 γνῶθι
1023 1513 1235 1568 σεαυτόν,
1261 1528 1411 1558 nosce
1437 1519 1506 1569 te,

277 1580 412 1643 quod
441 1585 492 1626 in
518 1580 752 1627 columna
776 1583 875 1626 iam
899 1586 1109 1626 tenetur
1136 1579 1398 1641 Delphica.

277 1649 418 1695 labor
442 1649 685 1695 molestus
711 1653 807 1695 iste
833 1647 986 1695 fructi
1013 1654 1091 1694 est
1115 1651 1310 1710 optimi,
1698 1648 1791 1694 140

279 1717 399 1779 quid
426 1717 557 1763 ferre
583 1720 759 1779 possis,
785 1716 970 1779 quidve
995 1733 1114 1773 non,
1141 1716 1433 1771 dinoscere3

278 1792 432 1831 noctu
458 1785 665 1847 diuque,
691 1801 819 1848 quae
845 1801 1006 1847 geras,
1032 1800 1161 1847 quae
1186 1787 1418 1846 gesseris,

278 1853 342 1899 ad
368 1870 527 1915 usque
553 1857 731 1915 puncti
756 1856 925 1899 tenuis
952 1856 1110 1898 instar
1128 1851 1408 1915 quaerere.2

278 1921 436 1966 officia
463 1928 660 1978 cuncta,
688 1921 865 1983 pudor,
891 1920 1067 1977 honor,
1095 1923 1379 1966 constantia

278 1993 330 2034 in
355 1989 467 2045 hoc,
494 1996 547 2035 et
574 1988 676 2035 ulla
701 1995 871 2051 spreta
898 1989 1041 2034 nobis
1067 1988 1237 2049 gloria.
1696 1987 1789 2033 145

347 2056 495 2102 Dixi:
534 2057 700 2103 valete
726 2073 989 2103 memores.
1062 2056 1294 2118 plausum
1320 2072 1421 2101 non
1446 2071 1623 2101 moror.

332 2158 345 2181 ¹
376 2159 416 2197 A
450 2157 619 2211 parody
654 2157 699 2196 of
734 2158 936 2206 Plautus,
972 2158 1089 2197 Alsen.
1116 2158 1221 2197 882:
1255 2156 1393 2196 lumbi
1431 2156 1636 2205 sedendo,
1676 2156 1790 2196 oculi

278 2213 520 2265 spectando
551 2212 704 2252 dolent
736 2212 960 2252 Manendo
994 2212 1214 2251 medicum
1254 2211 1360 2251 dum
1392 2224 1436 2250 se
1476 2224 1529 2250 ex
1564 2225 1692 2264 opere
1727 2224 1789 2251 re-

276 2269 440 2320 cipiat:
473 2281 534 2319 ep.
570 2268 663 2307 also
692 2266 895 2316 Terence,
922 2267 1099 2307 Phorm.
1125 2268 1230 2307 462:
1264 2266 1336 2306 ibo
1363 2266 1418 2305 ad
1447 2270 1623 2317 portum
1647 2264 1790 2318 quoad

277 2336 324 2362 se
345 2323 543 2375 recipiat.
864 2356 873 2363 .

333 2376 349 2400 ²
378 2390 439 2428 cp.
468 2377 556 2416 Eeb.
584 2377 645 2416 iii.
673 2378 710 2424 3,
738 2377 832 2425 7-8‚
859 2378 1006 2416 15—16.

334 2489 350 2513 1
379 2488 600 2540 Probably
623 2501 679 2527 an
700 2487 884 2527 ironical
904 2487 1091 2527 allusion
1115 2491 1161 2527 to
1184 2487 1207 2527 l.
1237 2488 1300 2530 87.

332 2542 349 2566 '2
377 2543 594 2595 Literally
631 2546 723 2582 “to
755 2542 916 2582 betake
948 2541 1125 2582 himself
1158 2541 1269 2581 back
1307 2546 1354 2581 tio
1389 2540 1566 2581 himself
1582 2541 1624 2588 '’;
1650 2541 1720 2581 i.e.
1742 2547 1789 2581 to

278 2598 520 2637 remember
541 2598 661 2637 what
682 2598 735 2637 he
757 2598 793 2636 is
814 2597 950 2637 about
971 2596 1058 2636 and
1080 2601 1128 2637 to
1148 2597 1296 2637 retire.

283 2691 380 2737 320
