1871 3046
775 182 1131 230 AUSONIUS

303 334 789 381 XXII.—Vlc'ron1o
828 334 1144 382 SUBDOCTom
1183 350 1285 380 SIVE
1325 335 1613 380 PnoscHoLo

206 447 413 492 VICTORI
440 446 682 502 studiose,
708 462 918 503 memor,
943 444 1094 501 celer,
1120 447 1360 506 ignoratis

267 514 476 560 adsidue
502 516 556 559 in
579 513 719 559 libris
744 529 839 558 nec
865 515 960 558 nisi
987 517 1164 573 operta
1189 511 1383 574 legens,

201 598 374 629 exesas
399 585 551 628 tineis
577 584 845 643 opicasque
873 579 1103 625 evolvere
1131 578 1328 625 chartas

268 653 424 696 1113101
450 666 600 712 quam
625 650 871 710 promptis
897 664 1014 693 cura
1038 647 1133 694 tibi
1158 651 1210 692 in
1236 647 1427 694 studiis.

202 718 368 781 quod
357 735 432 763 ius
448 717 465 745 1
487 716 799 778 pontificum,
817 731 945 778 quae
963 714 1185 772 foedera,
1203 722 1418 761 stemma
1438 715 1573 778 quod
1593 715 1712 761 011111

270 792 391 831 ante
418 785 638 830 Numam
662 783 818 829 fuerit
843 783 1049 829 sacrifici
1074 784 1313 830 Curibus:
1686 784 1712 828 6

201 853 324 915 quid
350 852 524 898 Castor
548 854 743 897 cunctis
769 851 833 897 de
858 852 1061 913 regibus
1086 852 1351 914 ambiguis,
1377 851 1499 915 quid

270 923 496 982 coniugis
523 936 550 966 e
575 919 715 966 libris
742 919 963 966 ediderit
991 919 1265 982 Rhodope:

199 988 337 1051 quod
361 992 437 1034 ius
462 987 774 1050 pontificum,
800 994 1032 1034 veterum
1058 1005 1186 1050 quae
1212 991 1338 1034 scita
1363 987 1620 1046 Quiritum

270 1073 399 1119 quae
420 1055 650 1102 consulta
669 1062 885 1118 patrum,
907 1055 1028 1118 quid
1049 1055 1214 1102 Draco
1234 1056 1419 1118 quidve
1439 1055 1592 1102 Solon
1655 1055 1715 1101 10

202 1128 426 1170 sanxerit
452 1130 505 1170 et
533 1123 703 1170 Locris
729 1123 931 1170 dederit
956 1140 1083 1187 quae
1109 1127 1216 1170 iura
1242 1124 1500 1181 Zaleucus,

271 1194 363 1239 sub
390 1192 509 1238 Iove
536 1208 664 1255 quae
693 1192 876 1249 Minos,
900 1208 1028 1254 quae
1054 1192 1260 1238 Themis
1286 1199 1406 1238 ante
1433 1193 1621 1247 Iovem,

204 1267 325 1307 nota
350 1261 443 1307 tibi
469 1263 652 1322 potius,
679 1277 830 1322 quam
855 1260 1049 1306 Tullius
1079 1267 1132 1306 et
1159 1261 1301 1306 Maro
1326 1265 1482 1307 nostri

272 1335 325 1375 et
350 1327 598 1391 quidquid
625 1327 772 1374 Latia
798 1327 1032 1375 conditur
1058 1328 1284 1374 historia.

204 1396 304 1443 fors
329 1400 450 1443 istos
477 1399 631 1442 etiam
657 1396 751 1442 tibi
776 1396 929 1442 lectio
954 1395 1106 1458 longa
1131 1396 1373 1452 dedisset,
1659 1396 1717 1440 15

272 1481 564 1527 supremum
593 1464 829 1510 Lachesis
854 1467 906 1509 ni
932 1464 1203 1510 celerasset
1227 1465 1339 1510 iter.

206 1533 324 1580 exili
350 1539 553 1579 nostrae
579 1531 778 1578 fucatus
804 1532 995 1578 honore
1022 1532 1312 1589 cathedrae,

272 1601 430 1647 libato
455 1603 624 1646 tenuis
650 1603 855 1646 nomine
879 1603 1223 1662 grammatici:

205 1669 498 1732 longinquis
524 1668 735 1730 posthac
763 1668 950 1714 Cumae
975 1667 1249 1714 defunctus
1275 1671 1326 1713 in
1352 1672 1465 1725 oris,

274 1737 337 1783 ad
363 1753 485 1800 quas
511 1736 576 1783 de
602 1736 771 1783 Siculo
795 1736 944 1783 litore
971 1737 1254 1783 transieras.
1660 1734 1721 1780 20

203 1805 293 1852 sed
319 1805 470 1851 modo
496 1805 743 1850 nobilium
768 1811 1077 1851 memoratus
1102 1808 1155 1850 in
1181 1807 1384 1867 agmine
1412 1803 1596 1866 gaude,

273 1876 508 1935 pervenit
531 1873 595 1919 ad
621 1889 795 1919 manes
823 1876 862 1919 si
887 1875 969 1935 pia
995 1889 1113 1918 cura
1137 1879 1264 1919 tuos.

261 1979 273 2002 1
312 1980 370 2019 V:
403 1979 561 2031 Peiper
596 1979 731 2018 alters
775 1982 822 2018 to
862 1977 1046 2029 quidvis,
1077 1977 1329 2030 pontificum
1361 1982 1466 2025 ete.;
1526 1977 1609 2017 but
1648 1977 1725 2016 the

211 2033 303 2075 MS.
342 2033 524 2086 reading
559 2034 595 2073 is
632 2032 875 2085 supported
906 2033 966 2084 by
998 2033 1261 2081 Quintilian,
1299 2033 1390 2072 viii.
1428 2034 1479 2072 2:
1525 2035 1616 2072 “at
1652 2031 1722 2071 ob-

211 2089 398 2128 scuritas
420 2087 471 2127 fit
492 2089 627 2127 etiam
648 2102 675 2126 v
664 2087 793 2127 erbis
814 2087 869 2126 ab
890 2101 971 2126 usu
1001 2088 1209 2126 remotis:
1241 2090 1292 2126 ut
1323 2088 1359 2126 si
1390 2087 1726 2126 commentarios

210 2145 271 2192 (z
295 2143 380 2190 ius)
410 2143 508 2195 quis
529 2141 800 2194 pontificum,
830 2146 875 2181 et
896 2142 1198 2212 vetustissima
1230 2141 1420 2191 foedera,
1455 2145 1501 2181 et
1530 2141 1726 2181 exoletos

212 2201 436 2237 scrutatus
457 2201 658 2236 auctores
679 2196 725 2235 id
746 2198 888 2248 ipsum
911 2200 1067 2248 petat.

272 2312 287 2335 ¹
318 2311 410 2351 The
437 2310 552 2350 chief
582 2315 701 2350 town
743 2310 788 2349 of
827 2311 901 2349 the
934 2309 1116 2349 Sabines
1150 2310 1193 2348 in
1230 2310 1352 2362 early
1389 2309 1500 2361 (1358
1534 2308 1621 2348 and
1651 2308 1728 2347 the

219 2365 463 2417 birthplaee
489 2365 534 2403 of
560 2364 719 2412 Numa,
755 2365 854 2403 who
885 2378 972 2403 1138
1003 2364 1201 2404 eredited
1230 2364 1340 2404 with
1363 2377 1494 2403 seven
1515 2363 1652 2402 books
1672 2375 1727 2401 on

218 2419 407 2473 priestly
440 2419 532 2459 lore
578 2419 711 2471 (Livy
743 2419 918 2469 x1.29).
982 2418 1229 2467 Quintilian
1265 2422 1345 2468 (cp.
1387 2422 1491 2458 note
1523 2431 1577 2456 on
1610 2420 1724 2464 text,

216 2476 243 2515 1.
271 2476 314 2525 5)
345 2475 453 2514 cites
483 2473 591 2513 such
621 2473 807 2512 hieratio
837 2487 877 2512 w
867 2473 982 2512 ⁷01ks
1015 2473 1357 2522 (contumuletur),
1386 2473 1507 2525 early
1528 2472 1725 2518 11631168,

220 2529 305 2569 and
328 2529 523 2569 obsolete
542 2528 725 2567 authors
746 2541 792 2567 as
814 2528 1036 2580 examples
1066 2528 1111 2568 of
1142 2523 1370 2580 obscurity
1390 2526 1476 2566 and
1497 2526 1665 2577 objects
1686 2525 1730 2564 of

221 2583 429 2636 pedantic
450 2582 597 2634 study.

225 2678 316 2723 132
