1871 3046
814 201 1170 249 AUSONIUS

244 337 334 385 sed
357 337 603 400 liquidum
627 336 769 380 iubar
794 339 846 379 et
871 332 1073 378 rutilam
1098 331 1377 376 visentibus
1403 327 1630 394 aethram

244 418 400 465 libera
423 419 673 480 perspicui
695 431 798 460 non
822 413 1018 459 invidet
1041 428 1159 457 aura
1183 411 1296 457 diei.

243 504 296 546 in
321 502 540 562 speciem
565 500 686 560 quin
709 512 791 541 me
817 498 1006 557 patriae
1035 492 1327 554 cultumque
1354 493 1565 537 nitentis

247 579 543 642 Burdigalae
567 577 753 624 blando
778 576 1084 639 pepulerunt
1109 577 1275 619 omnia
1299 575 1423 629 visu,

245 663 462 709 culmina
486 660 714 706 villarum
739 657 1081 720 pendentibus
1108 656 1244 701 edita
1269 642 1388 716 ripis
1682 652 1744 698 20

245 752 298 791 et
322 743 504 788 virides
535 733 730 786 Baccho
756 739 908 785 colles
934 744 987 785 et
1010 753 1220 783 amoena
1245 736 1432 781 fluenta

244 826 418 871 subter
440 823 659 869 labentis
683 825 838 867 tacito
865 836 1061 866 rumore
1088 818 1344 864 Mosellae.

312 904 474 961 Salve,
500 905 658 948 amnis
683 901 886 947 laudate
913 903 1059 962 agris,
1086 899 1288 945 laudate
1317 897 1522 954 colonis,

245 987 455 1048 dignata
476 986 686 1045 imperio
711 982 903 1028 debent
928 984 1007 1028 cui
1030 983 1229 1027 moenia
1256 979 1442 1041 Belgae
1463 995 1472 1024 ε

245 1072 405 1115 amnis
429 1065 678 1114 odorifero
703 1068 819 1126 iuga
844 1067 977 1110 vitea
1003 1066 1194 1120 consite
1222 1061 1434 1118 Baccho,
1686 1060 1747 1105 25

247 1153 438 1197 consite
464 1150 759 1210 gramineas,
785 1147 944 1190 amnis
969 1143 1282 1200 viridissime,
1308 1146 1437 1205 ripas
1458 1159 1466 1188 :

246 1234 468 1293 naviger,
494 1235 551 1275 ut
575 1227 799 1290 pelagus,
825 1226 1040 1271 devexas
1066 1241 1251 1286 pronus
1278 1228 1326 1269 in
1354 1224 1529 1280 undas,

248 1320 305 1360 ut
328 1312 518 1366 fluvius,
544 1313 803 1370 vitreoque
827 1307 963 1352 lacus
988 1309 1184 1352 imitate
1210 1305 1460 1367 profundo

248 1398 302 1438 et
326 1393 452 1435 rivos
476 1387 677 1449 trepido
702 1389 832 1447 potis
857 1387 1182 1446 aequiperare
1208 1389 1397 1440 meatu,

248 1480 302 1520 et
324 1470 515 1535 liquido
540 1468 733 1530 gelidos
760 1467 926 1512 fontes
952 1465 1256 1527 praecellere
1283 1472 1404 1526 potu
1425 1480 1436 1520 ;
1687 1464 1749 1509 30

247 1552 415 1596 omnia
438 1547 570 1594 solus
595 1546 766 1601 habes,
793 1560 921 1606 quae
946 1543 1076 1600 fons,
1102 1559 1229 1605 quae
1256 1546 1388 1588 rivus
1414 1548 1466 1588 et
1491 1544 1650 1587 amnis

248 1638 302 1678 et
324 1631 460 1676 lacus
487 1634 540 1674 et
565 1629 697 1674 bivio
723 1626 904 1688 refluus
930 1627 1216 1670 manamine
1242 1630 1440 1685 pontus.

248 1720 304 1759 tu
330 1711 538 1774 placidis
563 1709 851 1771 praelapsus
876 1710 1015 1769 aquis
1042 1722 1135 1752 nec
1159 1722 1413 1751 murmura
1438 1707 1575 1750 venti

248 1794 364 1851 ulla,
389 1809 484 1839 nec
508 1790 692 1837 occulti
719 1792 904 1851 pateris
929 1788 1204 1833 luctamina
1229 1790 1358 1832 saxi:

248 1891 349 1921 non
375 1877 596 1936 spirante
613 1871 629 1900 1
659 1871 784 1916 vado
810 1869 1007 1931 rapidos
1033 1884 1299 1930 properare
1317 1867 1334 1897 2
1359 1873 1554 1912 meatus
1689 1866 1749 1911 35

248 1958 458 2018 cogeris,
485 1959 718 2000 extantes
743 1951 910 1996 medio
936 1966 1036 1995 non
1062 1965 1278 2011 aequore
1302 1955 1459 1995 terras

248 2040 563 2097 interceptus
589 2033 761 2089 habes,
788 2034 906 2077 iusti
931 2047 996 2076 ne
1022 2031 1194 2076 demat
1218 2030 1461 2075 honorem

248 2120 481 2174 nominis,
506 2115 765 2162 exclusum
790 2116 830 2158 si
854 2111 1047 2158 dividat
1073 2111 1236 2157 insula
1260 2111 1460 2157 flumen.

248 2206 305 2246 tu
330 2197 557 2260 duplices
582 2198 757 2241 sortite
785 2197 902 2250 vias,
929 2199 982 2240 et
1008 2209 1120 2238 cum
1145 2208 1292 2238 amne
1318 2191 1538 2238 secundo

247 2281 438 2338 defluis,
464 2285 523 2325 ut
547 2278 736 2324 celeres
763 2276 947 2323 feriant
971 2275 1095 2320 vada
1121 2278 1318 2320 concita
1342 2277 1484 2331 remi,
1688 2272 1752 2317 40

248 2368 302 2409 et
326 2378 440 2408 cum
465 2376 556 2422 per
580 2362 710 2420 ripas
736 2373 980 2419 nusquam
1007 2362 1235 2402 cessante
1261 2355 1482 2401 remulco

301 2484 318 2509 ¹
349 2484 414 2524 G:
446 2482 656 2534 speranti,
691 2481 802 2520 Vaa:
828 2484 1046 2531 sperante,
1072 2479 1220 2518 RBL:
1254 2482 1503 2530 superante,
1528 2474 1748 2516 Hwnmel-

249 2539 346 2589 berg]
368 2536 531 2586 (which
551 2536 588 2575 is
609 2535 798 2587 perhaps
818 2532 1092 2586 preferable).

300 2591 317 2616 ²
348 2592 410 2633 G:
442 2602 691 2644 preparare,
726 2589 789 2630 V:
821 2601 1038 2640 reparare,
1063 2588 1154 2627 RB.

251 2672 345 2717 226
