1871 3046
808 175 1166 224 AUSONIUS

229 306 365 354 hunc
390 306 599 354 titulum
624 312 739 354 vani
765 308 947 355 solacia
972 325 1113 356 sume
1140 308 1356 371 sepulcri

297 402 350 442 et
373 396 585 459 gradere
613 397 808 460 Elysios
834 415 1045 460 praepes
1071 397 1134 444 ad
1160 396 1398 459 alipedes.

234 486 450 549 Pegasus
476 486 594 532 hinc
621 487 803 534 dexter
829 493 995 533 currat
1019 488 1129 544 tibi,
1155 486 1325 532 laevus
1351 487 1507 532 Arion

296 576 430 623 funis
457 584 554 634 eat,
581 584 817 639 quartum
844 577 933 623 det
958 578 1051 622 tibi
1079 575 1253 622 Castor
1279 592 1478 638 equum.
1683 576 1742 622 10

432 771 824 817 XXXIV—DE
863 771 1119 817 SEPULCRO
1157 768 1327 836 [CARI]
1366 771 1538 817 VACUO

230 896 315 941 ME
342 895 435 941 sibi
463 901 516 940 et
542 898 683 940 uxori
709 901 763 941 et
788 897 919 940 natis
946 910 1213 940 commune
1241 894 1527 957 sepulcrum

296 987 562 1031 constituit
587 1001 721 1031 seras
747 984 899 1031 Carus
924 985 988 1031 ad
1015 989 1264 1048 exequias,

226 1077 427 1137 iamque
453 1074 539 1120 diu
567 1081 898 1120 monumenta
925 1081 1104 1121 vacant
1130 1078 1296 1137 sitque
1322 1078 1417 1121 ista
1443 1075 1671 1138 querella

296 1163 491 1226 longior
518 1170 571 1209 et
596 1167 768 1210 veniat
794 1163 971 1210 ordine
999 1167 1211 1227 quisque
1238 1181 1342 1222 suo,

227 1253 468 1300 nascendi
494 1257 578 1316 qui
603 1253 719 1316 lege
747 1253 909 1311 datus,
936 1253 1293 1317 placidumque
1318 1271 1410 1316 per
1433 1271 1612 1301 aevum
1713 1269 1740 1301 o

295 1343 556 1401 condatur,
584 1350 705 1389 natu
734 1347 819 1406 qui
845 1346 993 1405 prior,
1020 1343 1106 1389 ille
1133 1347 1278 1406 prior.

329 1540 673 1586 XXXV—IN
712 1539 970 1586 TUMULUM
1009 1540 1318 1587 SEDECENNIS
1358 1541 1645 1587 MATRONAE

227 1667 403 1713 OMNIA
430 1682 557 1728 quae
585 1664 737 1726 longo
765 1667 898 1711 vitae
925 1652 1199 1726 cupiuntur
1223 1668 1275 1710 in
1300 1681 1439 1722 aevo,

226 1763 345 1803 ante
372 1762 553 1819 quater
579 1755 788 1817 plenum
814 1758 1127 1817 consumpsit
1153 1755 1331 1800 Anicia
1356 1755 1584 1802 lustrum.

225 1845 391 1892 infans
415 1845 637 1901 lactavit,
663 1845 823 1906 pubes
851 1851 903 1890 et
929 1848 1069 1905 virgo
1094 1844 1328 1890 adolevit.

226 1937 414 1996 nupsit,
441 1936 691 1995 concepit,
717 1936 936 1995 peperit,
963 1936 1059 1978 iam
1087 1940 1251 1979 mater
1276 1934 1445 1979 obivit.

225 2027 335 2087 quis
359 2029 576 2068 mortem
601 2023 839 2068 accuset?
911 2025 1021 2084 quis
1048 2039 1148 2067 non
1174 2029 1377 2068 accuset
1403 2026 1454 2068 in
1482 2025 1612 2069 ista?
1709 2034 1736 2069 o

224 2116 405 2158 aetatis
431 2114 625 2157 meritis
650 2127 774 2157 anus
802 2117 893 2168 est,
920 2117 1090 2157 aetate
1117 2110 1299 2172 puella.

228 2659 318 2702 160
