1871 3046
766 202 1123 250 AUSONIUS

190 349 302 379 cum
340 333 531 380 solvere
568 351 669 379 non
703 341 890 396 posset,
914 333 1128 379 abscidit
1155 340 1207 378 et
1237 331 1447 395 Pythiae
1475 348 1699 393 specum,

188 417 287 463 quo
312 401 395 447 die
419 400 493 448 fas
517 418 619 447 non
645 409 753 448 erat
778 408 970 464 patere,
996 403 1299 463 penetravit.

259 469 418 515 Utere
444 473 600 531 igitur
625 477 682 516 ut
714 474 830 527 tuis,
857 473 962 531 pari
995 472 1120 526 iure,
1147 467 1235 515 sed
1273 467 1455 514 fiducia
1485 467 1698 529 dispari:

189 540 377 599 quippe
403 544 491 584 tua
516 544 727 600 possunt
751 537 993 599 populum
1020 553 1121 582 non
1147 539 1328 582 timere
1349 551 1359 591 3
1394 538 1518 582 meis
1545 538 1698 581 etiam

190 608 322 652 intra
346 622 428 652 me
456 607 710 652 erubesco,
787 605 909 651 vale.

747 777 1146 822 I.-—-PRAEFAT10

259 891 336 937 UT
363 891 578 949 voluisti,
609 893 778 949 Paule,
804 900 1013 938 cunctos
1040 893 1263 939 Bissulae
1294 909 1462 939 versus
1489 892 1660 951 habes,

186 958 394 1005 lusimus
420 976 543 1021 quos
569 963 619 1005 in
647 960 843 1006 Suebae
868 964 1082 1022 gratiam
1107 961 1449 1022 virgunculae,

187 1030 347 1072 otium
371 1031 530 1089 magis
555 1027 804 1085 foventes,
830 1045 979 1090 quam
1007 1029 1273 1075 studentes
1299 1029 1499 1090 gloriae.

186 1101 242 1140 tu
268 1095 511 1142 molestus
536 1095 788 1158 flagitator
814 1096 928 1158 lege
954 1096 1166 1142 molesta
1194 1101 1425 1142 carmina.

186 1163 297 1220 tibi,
314 1163 446 1225 quod
464 1167 670 1221 intristi,
687 1164 1009 1210 exedendum
1027 1164 1133 1210 est1
1155 1182 1163 1210 ε
1191 1169 1258 1210 sic
1280 1172 1422 1211 vetus
1440 1165 1648 1210 verbum

322 1233 480 1287 iubet,
1672 1233 1700 1278 5

187 1299 473 1361 compedes,
501 1317 622 1363 quas
648 1304 754 1362 ipse
782 1300 920 1357 fecit,
947 1304 1082 1362 ipsus
1110 1308 1165 1347 ut-
1191 1307 1361 1362 gestet
1386 1300 1540 1346 faber.

457 1538 678 1584 IL—An
720 1538 990 1584 LECTOREM
1033 1539 1201 1584 Huius
1241 1537 1439 1584 LIBELL1

188 1655 433 1701 CAules
458 1658 702 1718 incompti
729 1662 939 1702 tenuem
967 1656 1159 1702 lecture
1185 1656 1429 1714 libellum,

255 1740 386 1786 pone
414 1723 750 1786 supercilium.

189 1795 315 1838 seria
341 1795 611 1838 contractis
639 1792 873 1854 expende
899 1798 1133 1854 poemata
1159 1796 1294 1854 rugis
1315 1810 1324 1838 ε

255 1876 345 1906 nos
417 1859 656 1922 hymelen
683 1863 952 1922 sequimur.

189 1927 385 1973 Bissula
409 1931 460 1972 in
486 1927 580 1972 hoc
608 1927 776 1973 scedio
801 1928 1106 1985 cantabitur,
1132 1927 1256 1974 haut
1283 1928 1519 1976 Erasinus
1541 1948 1550 1976 ε
1675 1931 1703 1973 5

254 1995 520 2052 admoneo,
545 2001 665 2041 ante
692 1996 844 2042 bibas.

187 2066 366 2109 ieiunis
393 2063 461 2108 nil
490 2064 681 2118 scrib03
718 2080 888 2110 meum
914 2070 1028 2125 post
1054 2063 1232 2124 pocula
1258 2067 1297 2109 si
1323 2068 1433 2127 quis

254 2131 456 2194 legerit,
482 2131 563 2177 hic
588 2134 764 2193 sapiet.

186 2199 275 2245 sed
301 2203 460 2260 magis
485 2199 567 2246 hic
593 2203 771 2261 sapiet,
796 2202 835 2246 si
861 2199 1079 2246 dormiet
1105 2205 1157 2245 et
1184 2206 1332 2261 putet
1357 2203 1452 2247 ista

255 2271 447 2313 somnia
472 2270 619 2313 missa
646 2268 752 2313 sibi.
1640 2270 1700 2316 10

243 2384 253 2407 ¹
286 2398 349 2433 cp.
376 2384 581 2432 Terence,
606 2384 777 2424 Phorm.
802 2384 896 2423 318:
945 2388 1044 2423 tute
1074 2384 1154 2423 hoc
1184 2385 1378 2424 intristi:
1421 2385 1502 2424 tibi
1529 2392 1700 2426 omnest

187 2438 475 2479 exedendum.

243 2549 258 2573 ¹
288 2549 554 2597 Alexander,
580 2549 727 2589 before
758 2550 923 2601 setting
953 2554 1031 2589 out
1054 2564 1108 2589 on
1132 2550 1199 2589 his
1222 2554 1434 2603 conquest
1456 2551 1502 2591 of
1531 2551 1695 2600 Persia,

189 2610 307 2644 went
341 2610 387 2644 to
420 2604 594 2644 consult
626 2604 702 2644 the
736 2603 889 2645 Oraole
918 2609 966 2644 at
997 2604 1169 2657 Delphi.
1234 2606 1296 2645 As
1323 2606 1377 2645 he
1399 2605 1574 2646 arrived
1597 2620 1650 2646 on
1673 2620 1697 2646 a

194 2685 287 2729 218
