1871 3046
796 204 1153 252 AUSONIUS

216 343 273 382 tu
298 335 363 382 de
388 339 732 399 promptuario
757 339 1050 382 scriniorum
1086 343 1304 395 tuorum,
1338 340 1424 399 qui
1459 352 1540 382 me
1574 352 1728 392 amas,

215 426 379 472 libens
425 429 703 489 imperties,
752 432 955 472 secutus
1004 426 1238 489 exempla
1285 432 1549 472 auctorum
1598 428 1726 487 opti-

213 531 426 571 morum,
474 516 654 577 quibus
701 531 791 577 par
838 530 947 560 esse
996 516 1259 560 meruisti:
1308 516 1392 576 qui
1444 513 1726 560 Octaviano

217 602 448 665 Augusto
489 620 657 650 rerum
696 607 915 666 potienti
955 607 1190 650 certatim
1230 619 1384 665 opera
1428 619 1516 649 sua
1557 601 1729 648 trade-

217 693 358 750 bant,
395 693 536 738 nullo
574 692 673 738 fine
712 695 763 737 in
808 695 914 739 eius
954 692 1200 737 honorem
1236 691 1397 737 multa
1433 690 1728 737 condentes.

217 785 303 844 qui
350 781 461 828 illos
510 781 633 828 haut
680 784 832 827 sciam
885 798 950 826 an
1003 780 1284 842 aequaliter
1330 786 1484 842 atque
1534 795 1630 842 ego
1678 786 1732 826 te

217 869 493 915 admiratus
542 872 623 926 sit,
672 875 811 915 certe
860 885 962 914 non
1010 868 1226 930 amplius
1269 867 1531 930 diligebat.
1622 867 1732 914 vale

219 974 412 1020 pal'ellS.

219 1216 590 1263 IV.—-DOM1NO
630 1215 748 1261 MEO
790 1231 850 1261 ΕΤ
894 1214 1112 1261 OMN1UM
1153 1215 1442 1261 THEODOSIO
1485 1215 1727 1263 AUGUSTO

761 1295 1014 1340 AUSONIUS
1048 1293 1188 1341 TUUS

220 1440 520 1486 AGRICOLAM
548 1442 589 1485 si
614 1438 738 1484 flava
764 1438 914 1485 Ceres
941 1438 1062 1485 dare
1089 1443 1281 1485 semina
1306 1446 1490 1498 terrae,

289 1529 537 1576 Gradivus
563 1529 738 1575 iubeat
764 1532 804 1575 si
830 1545 1011 1591 capere
1037 1545 1173 1574 arma
1198 1529 1397 1587 ducem,

219 1618 412 1665 solvere
438 1618 502 1664 de
528 1624 679 1680 portu
705 1617 916 1664 classem
943 1618 1216 1680 Neptunus
1241 1621 1489 1664 inermem
1511 1635 1521 1664 :

287 1707 442 1754 fidere
468 1714 573 1753 tam
599 1706 672 1753 fas
699 1713 792 1764 est,
819 1723 969 1769 quam
995 1706 1229 1753 dubitare
1254 1706 1411 1753 nefas.

219 1800 452 1843 insanum
477 1798 703 1858 quamvis
728 1795 923 1842 hiemet
947 1812 1085 1842 mare
1112 1795 1366 1858 crudaque
1392 1795 1546 1843 tellus
1702 1798 1730 1843 5

288 1886 582 1943 seminibus,
606 1884 742 1931 bello
767 1901 862 1930 nec
888 1887 1007 1930 satis
1032 1891 1151 1946 apta
1175 1901 1372 1942 manus,

220 1975 291 2020 nil
317 1975 520 2021 dubites
546 1980 751 2020 auctore
778 1975 923 2019 bono.
997 1973 1227 2020 mortalia
1252 1980 1504 2036 quaerunt

288 2063 566 2109 consilium.
642 2069 810 2108 certus
836 2065 969 2108 iussa
993 2078 1197 2123 capesse
1224 2061 1320 2107 dei.

220 2153 438 2199 scribere
463 2167 544 2197 nie
571 2150 834 2213 Augustus
859 2150 1004 2196 iubet
1028 2156 1081 2195 et
1106 2165 1219 2195 mea
1245 2154 1465 2196 carmina
1491 2155 1653 2213 poscit

288 2257 451 2303 paene
477 2256 659 2302 rogans
680 2256 690 2285 ε
727 2238 914 2285 blando
941 2241 1012 2284 vis
1038 2238 1169 2284 latet
1195 2241 1418 2300 imperio.
1672 2241 1733 2287 10

222 2346 323 2376 non
347 2329 513 2375 habeo
538 2331 818 2390 ingenium,
847 2327 1028 2373 Caesar
1053 2327 1142 2373 sed
1168 2330 1313 2374 iussit
1336 2346 1345 2374 :
1382 2328 1594 2374 habebo.

289 2434 377 2465 cur
400 2434 482 2464 me
507 2432 652 2478 posse
678 2431 880 2477 negem,
905 2430 1050 2477 posse
1076 2415 1211 2477 quod
1236 2415 1321 2462 ille
1347 2418 1529 2479 putat?

220 2507 462 2554 invalidas
490 2509 617 2552 vires
639 2508 747 2567 ipse
774 2507 964 2550 excitat
991 2510 1044 2550 et
1073 2508 1211 2550 iuvat
1237 2504 1392 2562 idem,

287 2599 372 2659 qui
397 2596 539 2642 iubet
562 2611 572 2640 :
608 2594 907 2655 obsequium
933 2593 1113 2639 sufficit
1140 2609 1249 2640 esse
1275 2609 1461 2639 meum.

1853 2719 1871 2796 QaetL2
