1871 3046
831 214 1189 262 AUSONIUS

250 361 403 408 quem
427 361 516 392 sua
540 344 807 391 contendit
830 350 1029 406 septem
1055 344 1367 406 sapientibus
1392 350 1547 402 aetas,

318 437 530 484 quorum
554 420 836 466 doctrinam
862 420 1082 466 moribus
1108 418 1346 477 excoluit,
1703 420 1764 466 10

249 499 442 542 viveret
466 501 524 542 ut
548 499 715 558 potius
741 512 891 558 quam
916 494 1127 552 diceret,
1152 500 1262 540 arte
1288 494 1575 556 sophorum,

317 587 621 634 quamquam
647 577 700 617 et
724 570 942 617 facundo
967 586 1069 616 non
1095 569 1232 616 rudis
1257 573 1478 632 ingenio.

246 646 506 708 praeditus
532 653 584 692 et
610 649 736 692 vitas
761 645 1024 691 hominum
1049 648 1245 691 ratione
1270 644 1513 692 medendi

314 723 574 783 porrigere
601 727 654 766 et
678 719 795 766 fatis
822 719 1126 782 amplificare
1152 736 1328 765 moras.

246 795 366 841 inde
392 801 446 841 et
469 794 769 856 perfunctae
795 800 971 840 manet
995 794 1121 840 haec
1147 798 1434 841 reverentia
1459 798 1610 852 vitae,
1700 796 1759 841 15

312 876 452 916 aetas
477 876 648 916 nostra
673 869 747 914 illi
773 868 909 932 quod
932 869 1078 916 dedit
1103 869 1239 915 hunc
1264 869 1503 916 titulum:

245 951 303 991 ut
327 943 525 990 nullum
551 943 821 1002 Ausonius,
848 961 1001 1007 quem
1027 951 1324 1002 sectaretur,
1352 944 1589 1002 habebat,

313 1022 381 1065 sic
407 1018 620 1076 nullum,
645 1022 731 1082 qui
757 1036 810 1065 se
836 1036 971 1066 nunc
998 1022 1243 1077 imitetur,
1270 1019 1440 1066 habet.

589 1207 950 1255 IL-AEM1L1A
988 1207 1187 1253 AEoNiA
1227 1209 1414 1254 MATER

245 1317 475 1363 PROXIMA
501 1324 574 1375 tn,
600 1321 836 1380 genetrix
862 1317 1074 1375 Aeonia,
1101 1321 1346 1380 sanguine
1371 1321 1531 1365 mixto

309 1392 574 1439 Tarbellae
599 1396 773 1439 matris
798 1396 954 1455 patris
981 1400 1035 1439 et
1061 1393 1327 1439 Haeduici.

240 1471 520 1530 morigerae
546 1472 713 1514 uxoris
740 1471 895 1515 virtus
921 1471 1000 1514 cui
1026 1471 1244 1531 contigit
1269 1472 1447 1526 omnis,

307 1542 440 1589 fama
464 1543 739 1605 pudicitiae
764 1543 1094 1607 lanificaeque
1119 1560 1298 1590 manus

239 1622 561 1682 coniugiique
588 1618 711 1665 fides
738 1625 791 1665 et
816 1625 961 1665 natos
987 1636 1105 1665 cura
1130 1619 1344 1682 regendi

306 1700 359 1740 et
384 1697 603 1754 gravitas
629 1697 783 1740 comis
808 1694 1043 1757 laetaque
1071 1697 1292 1741 serietas.

236 1774 503 1815 aeternum
528 1768 751 1831 placidos
778 1785 951 1816 manes
977 1769 1223 1831 conplexa
1247 1772 1430 1826 mariti,

303 1846 415 1889 viva
438 1850 606 1889 torum
632 1843 901 1906 quondam,
928 1843 1105 1890 functa
1128 1843 1242 1890 fove
1267 1843 1533 1890 tumulum.

1724 1621 1752 1666 07

338 2023 755 2072 HL—Assmmus
794 2024 1012 2070 MAGNUS
1049 2024 1308 2070 ARssomUs
1346 2023 1649 2070 AVUNCULUS

236 2140 403 2187 CULTA
419 2141 544 2186 mihi
561 2147 639 2188 est
655 2144 817 2203 pietas
833 2147 978 2203 patre
995 2144 1213 2203 primum
1231 2148 1284 2187 et
1299 2147 1462 2188 matre
1479 2144 1683 2199 vocatis,

302 2216 401 2262 dici
428 2223 507 2263 set
530 2216 722 2279 refugit
747 2219 929 2262 tertius
955 2216 1213 2274 Arborius,

234 2308 387 2354 quem
411 2294 628 2354 primum
655 2307 934 2338 memorare
960 2291 1103 2338 nefas
1127 2291 1253 2338 mihi
1278 2298 1423 2354 patre
1449 2291 1688 2351 secundo,

301 2383 499 2413 rursum
523 2383 624 2412 non
651 2370 868 2429 primum
893 2383 1083 2429 ponere
1109 2384 1272 2429 paene
1298 2367 1454 2414 nefas.

232 2445 507 2504 temperies
531 2441 836 2499 adhibenda,
864 2439 940 2507 [et
965 2445 1220 2504 proximus
1246 2442 1332 2488 ille
1358 2441 1614 2489 vocandus
1630 2442 1668 2505 1]
1716 2443 1744 2488 5

299 2523 420 2563 ante
445 2516 584 2574 alios,
611 2532 914 2579 quamquam
940 2522 1084 2578 patre
1111 2516 1363 2563 secundus
1389 2519 1497 2564 erit.

752 2617 764 2641 ¹
795 2617 946 2669 Suppl.
978 2618 1250 2658 Translator.

234 2695 299 2741 60
