1871 3046
785 203 1139 251 AUSONIUS

214 336 488 383 intendunt
512 336 639 383 00110
664 336 906 381 malorum
931 336 1128 381 vincula
1152 343 1350 383 nautae.

214 414 318 473 ipse
343 418 455 457 tuos
481 415 713 474 quotiens
737 414 927 457 miraris
951 414 1003 456 in
1028 427 1174 456 amne
1200 427 1443 468 recursus,

213 485 564 548 legitimosque
590 492 736 547 putas
761 502 915 547 prope
943 488 1145 547 segnius
1170 488 1242 531 ire
1267 487 1499 532 meatus?

213 567 269 606 tu
293 576 459 622 neque
484 561 736 622 limigenis
761 563 920 622 ripam
945 562 1253 621 praetexeris
1278 559 1420 617 ulvis,
1651 562 1712 607 45

213 651 308 680 nec
332 637 476 696 piger
500 633 743 679 inmundo
769 633 1031 695 perfundis
1053 632 1200 678 litora
1226 649 1410 679 caeno:

214 713 342 755 sicca
366 712 418 754 in
444 712 684 770 primores
708 715 930 770 pergunt
955 711 1165 769 vestigia
1189 708 1434 770 lymphas.

282 783 304 828 I
330 799 481 839 nunc,
508 789 561 828 et
588 782 816 844 Phrygiis
842 782 945 828 sola
969 782 1099 828 levia
1124 799 1330 828 consere
1357 786 1536 829 crustis

214 856 432 902 tendens
456 872 790 902 marmoreum
812 856 1046 919 laqueata
1070 873 1160 918 per
1184 861 1309 903 atria
1334 875 1577 919 campum.

214 938 291 977 ast
316 947 411 992 ego
435 931 704 992 despectis,
731 947 858 993 quae
885 948 1062 977 census
1087 948 1307 994 opesque
1333 932 1604 989 dederunt,
1654 933 1716 978 50

215 1012 424 1052 naturae
448 1006 665 1051 mirabor
689 1022 828 1067 opus,
853 1023 955 1052 non
981 1006 1087 1052 dira
1111 1014 1356 1069 nepotum

218 1081 447 1143 laetaque
474 1083 675 1126 iacturis
701 1081 786 1126 ubi
811 1080 1090 1127 luxuriatur
1115 1088 1326 1142 egestas.

215 1155 296 1200 hic
322 1153 510 1200 solidae
535 1159 771 1199 sternunt
794 1156 1021 1198 umentia
1045 1153 1190 1199 litora
1215 1154 1448 1211 harenae,

216 1246 309 1275 nec
335 1232 561 1274 retinent
585 1244 833 1274 memores
857 1231 1069 1289 vestigia
1093 1244 1262 1289 pressa
1287 1228 1478 1290 figuras.

284 1303 534 1365 Spectaris
559 1306 720 1348 vitreo
745 1319 834 1364 per
859 1302 989 1348 levia
1014 1309 1157 1364 terga
1182 1303 1448 1364 profundo,
1657 1305 1718 1348 55

217 1381 398 1425 secreti
422 1377 548 1422 nihil
573 1380 732 1423 amnis
758 1376 949 1423 habens
970 1394 979 1422 :
1016 1384 1173 1439 utque
1198 1378 1357 1423 almus
1382 1385 1557 1439 aperto

218 1453 455 1515 panditur
479 1455 667 1497 intuitu
683 1451 701 1480 1
728 1451 930 1513 liquidis
956 1452 1215 1496 obtutibus
1242 1467 1327 1496 aer

217 1544 311 1574 nec
335 1526 519 1589 placidi
542 1525 815 1588 prohibent
840 1525 1008 1571 oculos
1033 1541 1122 1587 per
1148 1528 1315 1570 inania
1342 1530 1495 1584 venti,

218 1607 285 1648 sic
311 1602 541 1648 demersa
563 1600 735 1662 procul
761 1600 976 1646 durante
1002 1616 1092 1661 per
1116 1602 1294 1645 intima
1319 1604 1425 1647 visu

217 1680 484 1733 cernimus,
507 1678 774 1737 arcanique
802 1681 947 1736 patet
971 1674 1235 1735 penetrale
1260 1674 1516 1736 profundi,
1658 1676 1720 1720 (30

217 1769 331 1798 cum
349 1751 475 1797 vada
493 1750 609 1796 lene
628 1755 802 1795 meant
820 1748 1122 1811 liquidarum
1143 1755 1196 1794 et
1213 1748 1380 1810 lapsus
1400 1766 1638 1812 aquarum

217 1827 385 1890 prodit
409 1825 638 1871 caerulea
663 1824 910 1885 dispersas
935 1823 1047 1869 luce
1074 1823 1254 1885 figuras
1275 1840 1283 1868 :

218 1901 352 1964 quod
377 1899 566 1945 sulcata
592 1898 690 1944 levi
716 1901 961 1959 crispatur
984 1897 1173 1943 harena
1197 1905 1385 1955 meatu>

218 1976 457 2022 inclinata
481 1979 710 2019 tremunt
733 1972 877 2017 viridi
905 1971 1038 2033 quod
1064 1975 1288 2033 gramina
1313 1971 1502 2019 fundo:

219 2066 374 2112 usque
401 2049 492 2094 sub
518 2050 749 2108 ingenuis
775 2050 995 2107 agitatae
1022 2045 1244 2091 fontibus
1270 2046 1456 2093 herbae
1659 2049 1720 2094 65

219 2126 471 2171 vibrantes
498 2126 758 2185 patiuntur
782 2137 934 2183 aquas
958 2120 1197 2182 lucetque
1223 2120 1452 2183 latetque

219 2199 436 2246 calculus
462 2204 515 2243 et
539 2195 750 2241 viridem
775 2194 1044 2256 distinguit
1068 2194 1239 2256 glarea
1263 2211 1504 2242 muscum.

218 2282 325 2322 tota
351 2273 633 2319 Caledoniis
658 2270 771 2316 talis
797 2276 942 2331 patet
967 2286 1050 2314 ora
1077 2269 1345 2326 Britannis,

219 2366 332 2396 cum
356 2346 538 2393 virides
563 2345 700 2406 algas
726 2350 778 2389 et
803 2344 949 2389 rubra
975 2343 1174 2388 corallia
1199 2343 1359 2390 nudat

219 2430 384 2470 aestus
411 2428 463 2468 et
487 2420 717 2465 albentes
744 2417 1046 2463 concharum
1071 2421 1299 2478 germina
1323 2419 1486 2474 bacas,
1660 2418 1722 2467 70

219 2497 421 2544 delicias
446 2494 722 2549 hominum,
748 2490 1084 2553 locupletibus
1110 2497 1261 2553 atque
1289 2493 1380 2538 sub
1406 2491 1552 2538 undis

652 2600 669 2625 1
699 2599 849 2639 MSS:
882 2598 1084 2646 introitu,
1114 2598 1281 2650 [Ἦμεν.

224 2675 316 2719 228
