1871 3046
785 208 1141 258 AUSONIUS

210 341 447 405 equidem
484 342 707 388 versibus
746 348 797 388 et
836 344 1198 404 compositione
1238 339 1431 386 festiva.
1507 342 1722 401 experiri

209 424 397 472 deinde
422 423 613 483 volens,
633 430 880 487 quantum
904 430 1074 469 nostra
1100 425 1429 469 contentione
1455 420 1723 483 praecelle-

208 514 304 565 ret,
325 507 485 554 simile
506 523 596 553 nos
617 507 681 553 de
702 506 882 553 eodem
909 508 1210 552 concinnare
1236 507 1508 567 praecepit.
1573 520 1722 566 quam

209 589 556 652 scrupulosum
591 589 685 635 hoc
719 588 842 635 mihi
877 588 1047 646 fuerit,
1074 587 1349 649 intellege:
1388 602 1553 649 neque
1580 592 1722 632 ante-

208 670 327 717 ferri
352 671 582 717 volebam
612 687 779 733 neque
811 670 1114 733 posthaberi,
1146 686 1260 716 cum
1285 669 1495 714 aliorum
1522 684 1722 731 quoque

207 753 392 799 iudicio
428 752 721 814 detegenda
758 759 893 798 esset
930 752 1153 798 adulatio
1187 755 1378 814 inepta,
1405 753 1444 796 si
1470 749 1723 808 cederem,

206 834 494 892 insolentia,
531 837 571 880 si
608 840 666 880 ut
701 834 928 880 aemulus
967 837 1259 880 eminerem.
1335 835 1531 895 suscepi
1568 835 1723 894 igitur

207 917 381 962 similis
435 919 689 963 recusanti
744 915 1063 979 feliciterque
1114 923 1167 962 et
1215 916 1459 962 obnoxius
1508 918 1722 977 gratiam

207 1001 352 1044 tenui
389 1014 484 1044 nec
521 1002 682 1044 victor
719 997 918 1044 offendi.

277 1081 409 1139 Hoc,
434 1088 545 1128 tum
576 1081 658 1127 die
693 1098 793 1127 uno
828 1088 881 1127 et
912 1081 1087 1127 addita
1111 1081 1461 1127 lucubratione
1487 1096 1721 1143 propera-

206 1172 331 1222 tum,
380 1165 530 1212 modo
577 1169 713 1212 inter
759 1165 1010 1211 liturarios
1058 1182 1196 1212 meos
1245 1182 1358 1212 cum
1407 1167 1721 1227 reperissem,

204 1255 349 1295 tanta
395 1248 519 1293 mihi
569 1248 797 1294 candoris
846 1252 921 1294 tui
971 1255 1024 1294 et
1071 1252 1252 1294 amoris
1302 1248 1481 1294 fiducia
1524 1254 1617 1304 est,
1665 1253 1722 1293 ut

205 1334 463 1376 severitati
516 1337 635 1376 tuae
690 1347 784 1376 nec
841 1329 1051 1376 ridenda
1101 1330 1464 1376 subtraherem.
1550 1333 1721 1392 accipe

204 1416 360 1475 igitur
407 1412 705 1475 opusculum
752 1412 816 1459 de
864 1415 1123 1458 inconexis
1172 1415 1485 1469 continuum,
1534 1411 1598 1457 de
1647 1412 1722 1458 di-

206 1497 360 1541 versis
390 1511 565 1551 unum,
602 1494 666 1540 de
705 1497 845 1540 seriis
882 1493 1148 1551 ludicrum,
1175 1493 1238 1540 de
1269 1493 1436 1539 alieno
1461 1499 1720 1539 nostrum:

205 1593 269 1623 ne
308 1581 362 1622 in
398 1580 548 1623 sacris
583 1583 636 1623 et
672 1575 854 1622 fabulis
887 1583 975 1623 aut
1007 1575 1363 1639 Thyonianum
1401 1578 1595 1621 mireris
1633 1581 1722 1621 aut

205 1659 450 1716 Vir-bium,
499 1658 643 1705 illum
702 1658 767 1705 de
831 1658 1072 1721 Dionyso,
1120 1657 1256 1705 hunc
1315 1658 1378 1704 de
1435 1656 1721 1720 Hippolyto

206 1741 548 1787 reformatum.

274 1817 341 1870 Et
366 1827 406 1870 si
431 1827 634 1886 pateris,
661 1833 719 1870 ut
743 1823 953 1870 doceam
979 1822 1238 1870 docendus
1264 1825 1387 1884 ipse,
1415 1828 1565 1868 cento
1598 1821 1720 1885 quid

205 1909 285 1963 sit,
328 1905 596 1954 absolvam.
681 1909 826 1952 Variis
869 1906 933 1952 de
974 1905 1095 1952 locis
1138 1905 1468 1967 sensibusque
1511 1904 1720 1950 diversis

205 1987 454 2050 quaedam
491 1990 723 2033 carminis
761 1993 1013 2033 structura
1050 1986 1309 2044 solidatur,
1339 1989 1391 2032 in
1421 2003 1577 2033 unum
1611 2002 1718 2032 ver-

206 2087 315 2116 sum
359 2076 417 2116 ut
459 2075 640 2116 coeant
680 2075 769 2115 aut
807 2073 937 2116 caesi
977 2069 1076 2115 duo
1115 2075 1203 2114 aut
1243 2085 1370 2115 unus
1410 2075 1463 2114 et
1502 2084 1719 2130 sequens

204 2152 494 2201 <medius>
537 2169 651 2197 cum
703 2151 885 2199 medio.
959 2169 1076 2198 nam
1123 2151 1248 2197 duos
1296 2154 1508 2196 iunctim
1555 2150 1719 2196 locare

204 2238 437 2298 ineptum
468 2241 561 2292 est,
590 2241 643 2281 et
675 2241 779 2281 tres
811 2252 911 2281 una
943 2238 1071 2281 serie
1104 2250 1273 2280 merae
1303 2250 1482 2296 nugae.
1558 2233 1718 2279 diffin-

205 2316 398 2363 duntur
450 2322 622 2363 autem
674 2333 766 2378 per
819 2332 1046 2363 caesuras
1106 2331 1298 2374 omnes,
1358 2331 1479 2377 quas
1539 2317 1719 2377 recipit

262 2448 278 2472 ¹
310 2448 584 2499 Hippolytus
605 2460 652 2486 as
674 2446 989 2486 rehabilitated
1012 2445 1069 2498 by
1090 2445 1394 2497 Aesculapius,
1418 2445 1535 2484 after
1557 2445 1609 2484 he
1630 2442 1716 2483 had

207 2502 315 2541 been
338 2507 439 2542 torn
460 2507 507 2541 to
527 2503 685 2553 pieces.

262 2558 276 2579 ²
306 2556 372 2598 zle.
400 2557 476 2596 the
497 2556 607 2595 lines
629 2556 673 2596 of
703 2556 778 2595 the
798 2560 903 2608 poet
923 2556 1034 2595 from
1064 2555 1209 2594 whose
1240 2554 1385 2594 works
1417 2554 1492 2594 the
1523 2557 1650 2592 cento
1681 2553 1716 2591 is

208 2611 436 2663 compiled.

209 2705 301 2748 372
