1871 3046
852 208 1208 256 AUSONIUS

273 345 412 388 cuius
439 344 479 387 si
502 341 743 403 probitas,
769 344 808 387 si
834 340 993 386 forma
1018 347 1072 387 el:
1096 340 1229 386 fama
1254 339 1479 403 fidesque

341 411 618 472 morigerae
645 412 810 455 uxoris
836 408 1164 471 lanificaeque
1189 424 1368 454 manus

272 494 408 524 nunc
433 476 685 523 laudanda
710 476 893 532 forent,
919 476 1093 538 procul
1120 482 1173 522 et
1198 475 1262 522 de
1288 476 1519 522 manibus
1545 480 1657 522 imis
1757 477 1783 521 5

339 544 643 591 accersenda
668 544 800 590 foret
826 544 952 590 voxl
981 547 1150 606 proavi
1177 544 1395 592 Eusebii.

272 617 357 676 qui
382 616 618 676 quoniam
645 612 821 659 functo
847 616 944 657 iam
972 612 1167 674 pridem
1193 611 1427 659 conditus
1452 628 1575 657 aevo

338 684 654 742 transcripsit
678 687 848 742 partes
873 684 921 725 in
950 696 1063 726 mea
1090 681 1240 726 verba
1267 696 1394 736 suas,

271 752 442 810 accipe
468 748 720 805 funereas,
745 752 914 810 neptis
940 748 1141 805 defleta,
1168 747 1433 810 querellas,

340 819 557 862 coniunx
583 815 784 861 Arborii
810 816 1247 862 commemoranda
1272 819 1391 873 mei,
1725 815 1784 860 1Ο

272 887 350 929 cui
376 900 527 945 parva
551 886 776 944 ingentis
801 883 966 928 luctus
993 883 1174 929 solacia
1198 883 1432 946 linquens

338 951 575 997 destituis
602 957 761 1008 natos,
789 967 888 1013 quo
914 954 1073 1013 magis
1099 954 1366 998 excrucias.

271 1026 323 1065 at
348 1020 442 1065 tibi
467 1018 642 1064 dilecti
668 1035 733 1065 ne
759 1018 891 1065 desit
918 1035 1036 1065 cura
1061 1022 1244 1075 mariti,

338 1091 510 1133 iuncta
535 1086 655 1132 colis
680 1086 905 1132 thalamo
931 1104 1066 1132 nunc
1091 1094 1422 1133 monumenta
1447 1093 1549 1132 tuo.

270 1155 368 1212 hic,
391 1156 475 1201 ubi
494 1158 684 1217 primus
704 1154 909 1217 hymen,
931 1154 1077 1201 sedes
1096 1155 1165 1200 ibi
1186 1161 1379 1201 maesta
1398 1154 1616 1217 sepulcri
1637 1172 1645 1200 :
1724 1155 1782 1199 15

338 1230 496 1284 nupta
523 1226 682 1284 magis
709 1222 807 1268 dici
834 1240 983 1285 quam
1009 1222 1260 1269 ’cumulata
1285 1229 1443 1285 potes.

305 1384 833 1433 XVII.—P0MPons
876 1385 1115 1430 MAXIMUS
1157 1385 1500 1430 HERCULANUS
1537 1383 1749 1430 Sonoms

945 1453 1109 1498 FILIUS

579 1565 686 1610 NEC
713 1582 953 1627 germana
979 1568 1210 1627 genitum
1237 1571 1289 1611 te

574 1633 916 1679 modulamine
943 1636 1094 1679 nenia
1121 1636 1252 1679 tristi

574 1704 787 1748 tacitum
813 1704 920 1747 sine
946 1701 1136 1747 honore
1162 1700 1431 1763 relinquat,

575 1785 726 1831 super
750 1769 921 1815 indole
947 1772 1087 1815 cuius
1111 1768 1269 1815 adulti

574 1854 788 1900 magnae
815 1838 945 1883 bona
970 1840 1111 1899 copia
1137 1836 1312 1883 laudis.
1752 1837 1778 1880 5

574 1921 747 1951 verum
773 1921 1051 1951 memorare
1076 1908 1236 1966 magis
1260 1920 1410 1966 quam

575 1972 808 2018 functum
832 1972 1037 2018 laudare
1063 1972 1280 2019 decebit.

575 2040 728 2086 decus
755 2039 848 2086 hoc
875 2043 1148 2102 matrisque
1174 2055 1445 2102 meumque

576 2112 626 2153 in
652 2114 881 2169 tempore
907 2108 1111 2170 puberis
1135 2111 1246 2154 aevi

573 2179 643 2222 vis
670 2175 887 2238 perculit
912 2175 1083 2221 invida
1107 2175 1212 2222 fati.
1719 2173 1778 2219 10

576 2243 706 2290 eheu
732 2260 899 2306 quem,
927 2243 1167 2300 Maxime,
1193 2243 1430 2299 fructum,

573 2311 790 2358 facunde
817 2318 870 2358 et
895 2314 1083 2357 musice
1111 2317 1164 2357 et
1187 2327 1318 2368 acer,

573 2386 800 2425 mentem
824 2380 1000 2436 bonus,
1026 2382 1233 2440 ingenio
1258 2381 1456 2440 ingens,

576 2446 776 2492 volucer
798 2446 947 2508 pede,
974 2462 1180 2507 corpore
1205 2445 1433 2508 pulcher,

572 2513 746 2575 lingua
772 2521 930 2571 catus,
955 2530 1038 2559 ore
1065 2530 1287 2560 canorus.
1717 2513 1775 2557 lo

597 2609 609 2631 ¹
642 2609 905 2647 Mommsen:
939 2621 1049 2647 uxor
1070 2614 1151 2656 est,
1187 2608 1230 2656 V,
1261 2608 1427 2659 Peiper.

270 2692 333 2733 80

1661 3024 1689 3038 ι
1623 2815 1702 2974 »εδ
