1871 3046
791 197 1146 245 AUSONIUS

284 331 392 377 Nec
419 337 470 377 te
495 333 710 393 puniceo
734 329 1028 375 rutilantem
1054 331 1260 386 viscere,
1288 329 1458 386 salmo,

217 412 512 466 transierim,
536 408 669 455 latae
694 411 832 453 cuius
857 423 982 468 vaga
1006 407 1214 452 verbera
1238 407 1425 453 caudae

213 490 415 549 gurgite
440 487 504 533 de
528 485 696 532 medio
721 501 938 531 summas
962 483 1252 530 referuntur
1276 487 1327 529 in
1347 484 1523 541 undas,

214 564 439 610 occultus
463 563 659 625 placido
684 579 797 608 cum
822 561 1051 623 proditur
1075 577 1290 623 aequore
1316 561 1501 623 pulsus.
1623 561 1717 606 100

212 649 268 688 tu
294 642 500 688 loricato
524 657 813 704 squamosus
832 646 1053 702 pectore,
1078 638 1300 685 frontem

211 720 431 766 lubricus
457 726 510 765 et
534 719 718 765 dubiae
742 718 965 764 facturus
990 717 1180 763 fercula
1204 733 1374 774 cenae,

212 804 440 859 tempora
462 797 725 858 longarum
750 795 850 842 fers
874 799 1164 858 incorrupte
1190 812 1458 853 morarum,

212 878 488 937 praesignis
513 874 720 920 maculis
745 878 939 935 eapitis,
966 877 1045 920 cui
1070 874 1279 936 prodiga
1304 880 1453 920 nutat

211 953 349 999 alvus
375 956 696 1015 opimatoque
721 951 881 998 fluens
905 952 1174 998 abdomine
1200 958 1392 998 venter.
1623 954 1715 1000 105

211 1048 440 1095 quaeque
457 1047 546 1093 per
565 1031 838 1092 Illyricum,
855 1047 945 1092 per
963 1037 1141 1092 stagna
1156 1031 1426 1077 binominis
1446 1031 1609 1077 Histri

211 1126 499 1172 spumarum
522 1108 719 1154 indiciis
745 1111 953 1169 caperis,
978 1107 1211 1165 mustela,
1237 1114 1522 1166 natantum,

211 1191 263 1233 in
287 1194 515 1233 nostrum
541 1186 781 1233 subvecta
804 1184 1010 1242 fretum,
1035 1202 1101 1232 ne
1126 1185 1261 1231 laeta
1288 1185 1531 1233 Mosellae

210 1265 413 1312 flumina
436 1272 540 1311 tam
567 1264 753 1310 celebri
778 1263 1172 1310 defrudarentur
1196 1263 1411 1312 alumno,

211 1347 320 1407 quis
343 1350 396 1390 te
421 1349 631 1388 naturae
657 1345 822 1404 pinxit
847 1341 1007 1387 color!
1045 1348 1153 1388 atra
1178 1358 1395 1404 superne
1622 1346 1716 1392 110

211 1428 398 1484 puncta
421 1427 603 1466 notant
626 1426 842 1482 tergum,
869 1436 967 1482 qua
991 1420 1130 1466 lutea
1155 1423 1332 1466 circuit
1355 1423 1470 1478 iris;

210 1500 398 1546 lubrica
425 1498 682 1545 caeruleus
708 1498 941 1560 perducit
967 1504 1169 1559 tergora
1191 1497 1366 1554 fucus3

210 1581 426 1641 corporis
450 1577 513 1623 ad
537 1576 762 1622 medium
785 1575 955 1622 fartim
980 1579 1281 1637 pinguescis,
1308 1583 1361 1623 at
1385 1577 1524 1625 illinc

208 1673 366 1719 usque
393 1655 484 1702 sub
510 1661 788 1700 extremam
814 1653 1012 1716 squalet
1037 1657 1165 1699 cutis
1191 1654 1329 1700 arida
1353 1655 1574 1703 caudam.

276 1735 384 1780 Nec
409 1740 478 1790 te,
506 1732 710 1778 delicias
735 1747 1037 1788 mensarum,
1064 1748 1229 1793 perca,
1255 1732 1430 1791 silebO,
1619 1736 1712 1780 115

207 1812 502 1870 amnigenos
526 1810 661 1853 inter
684 1809 846 1868 pisces
871 1804 1128 1867 dignande
1153 1808 1373 1864 marinis,

208 1886 339 1933 solus
363 1888 589 1948 puniceis
614 1883 774 1930 facilis
799 1883 1110 1930 contendere
1137 1883 1330 1930 mullis:

206 1981 323 2011 nam
341 1979 506 2026 neque
527 1969 703 2025 gustus
722 1965 856 2008 iners
876 1961 1135 2024 solidoque
1155 1965 1207 2006 in
1228 1979 1432 2024 corpore
1452 1972 1621 2026 partes

208 2045 484 2105 segmentis
509 2047 710 2097 coeunt,
737 2040 827 2086 sed
851 2039 1184 2086 dissociantur
1207 2044 1381 2087 aristis.

206 2121 287 2166 hic
313 2123 466 2166 etiam
495 2118 638 2164 Latio
662 2121 788 2164 risus
812 2121 1156 2179 praenomine,
1183 2118 1345 2164 cultor
1617 2123 1710 2168 120

206 2206 513 2261 stagnorum,
539 2196 759 2259 querulis
784 2199 856 2241 vis
879 2194 1201 2242 infestissima
1224 2199 1371 2254 ranis,

204 2275 381 2332 lucius,
404 2274 636 2319 obscuras
662 2271 774 2318 ulva
799 2288 1054 2334 caenoque
1080 2272 1281 2319 lacunas

206 2353 419 2399 obsidet.
493 2351 574 2396 hic
601 2350 764 2396 nullos
789 2366 1076 2396 mensarum
1101 2350 1262 2397 lectus
1287 2351 1349 2397 ad
1375 2367 1491 2398 usus

206 2430 369 2477 fervet
394 2429 600 2475 fumosis
627 2428 760 2474 olido
787 2427 963 2473 nidore
988 2431 1197 2489 popinis.

256 2543 272 2568 ¹
302 2555 356 2582 sc.
383 2555 409 2581 a
430 2541 587 2580 dinner
622 2544 670 2579 at
703 2539 847 2579 which
884 2539 960 2578 the
993 2543 1122 2590 guest
1158 2539 1260 2579 does
1291 2543 1370 2579 not
1401 2540 1531 2581 know
1565 2541 1707 2582 which

205 2597 303 2636 dish
326 2600 374 2636 to
393 2595 538 2648 prefer
557 2593 695 2634 above
715 2593 913 2633 another.
977 2592 1057 2634 See
1078 2593 1175 2633 Ter.
1209 2593 1426 2641 Phormio,
1453 2595 1496 2633 ii.
1520 2596 1559 2634 2.

210 2678 303 2725 232
