1871 3046
850 184 1207 233 AUSONIUS

345 319 450 367 Rex
474 336 539 365 an
562 327 806 383 tyrannus
833 319 1039 383 Lydiae,
1066 319 1293 377 Croesus,
1317 318 1415 365 fuit

274 388 350 435 his
375 392 428 434 in
452 389 629 446 beatis,
655 388 794 435 dives
820 391 1050 434 insanum
1076 391 1128 432 111
1153 387 1376 443 111οᾶ11111,

272 456 514 503 lateribus
538 460 701 503 aureis
726 456 918 518 templa
943 458 1027 518 qui
1054 455 1179 501 divis
1205 454 1371 502 dabat.

273 528 313 571 is
338 541 419 571 me
445 528 683 571 evocavit.
758 528 905 570 venio
931 524 1067 569 dicto
1092 523 1383 580 oboediens,

272 593 480 639 meliore
505 599 562 638 ut
589 596 662 639 uti
688 609 808 655 rege
834 595 1028 654 possint
1054 591 1216 654 Lydii.

271 667 431 723 rogat,
458 662 664 706 beatum
690 660 914 722 prodam,
942 663 981 706 si
1008 676 1158 722 quem
1184 662 1423 705 noverim.

272 728 484 774 Tellena
507 728 621 773 dico
645 732 805 774 civem
830 745 933 774 11011
956 727 1234 789 ignobilem
1255 744 1264 773 ε

272 812 362 856 pro
387 798 550 857 patria
574 812 805 857 pugnans
830 799 927 842 iste
956 799 1107 842 vitam
1134 796 1401 841 obiecerat.

272 863 522 924 despexit,
549 863 702 909 alium
727 867 936 925 quaerit.
1009 867 1181 909 inveni
1207 863 1426 925 Aglaum
1447 879 1456 908 ε

274 930 398 977 fines
423 930 575 992 agelli
601 934 790 992 proprii
815 934 855 977 is
881 948 1156 994 numquam
1182 937 1480 977 excesserat.

273 1005 325 1044 at
352 998 438 1044 ille
463 997 634 1045 ridens
655 1015 664 1043 :
702 1003 733 1024 “
751 997 865 1056 Quo
891 999 1012 1045 dein
1035 1016 1117 1045 me
1143 1002 1288 1061 ponis
1312 999 1439 1056 1000,

273 1066 453 1112 beatus
478 1067 599 1112 orbe
625 1073 735 1113 toto
761 1070 847 1129 qui
873 1067 1004 1112 solus
1030 1069 1212 1113 vocor?
1233 1067 1258 1082 ’'

272 1139 304 1160 “
321 1134 668 1196 Spectandum
685 1134 712 1149 ''
741 1135 854 1181 dico
881 1140 910 1161 “
926 1138 1202 1181 terminum
1226 1139 1360 1181 vitae
1386 1138 1522 1197 prius
1542 1151 1551 1180 ε

272 1209 383 1249 tum
408 1202 752 1261 iudicandum,
777 1206 816 1249 si
842 1210 1016 1249 manet
1040 1203 1304 1250 felicitas.''

274 1271 465 1317 dictum
491 1271 706 1317 moleste
733 1271 943 1317 Croesus
967 1275 1194 1333 accepit:
1231 1288 1323 1333 ego

273 1339 503 1401 relinquo
529 1355 715 1401 regem.
791 1339 982 1385 bellum
1008 1339 1093 1385 ille
1119 1343 1172 1384 in
1201 1338 1374 1385 Persas
1399 1345 1555 1401 parat.

275 1406 549 1469 profectus,
577 1410 752 1464 victus,
780 1411 995 1463 vinctus,
1020 1410 1127 1469 regi
1153 1407 1370 1453 deditus.

274 1482 375 1521 stat
401 1475 503 1532 ille,
532 1481 740 1537 captans
766 1475 956 1521 funeris
982 1479 1079 1520 iam
1105 1478 1263 1520 instar
1288 1479 1378 1532 sui,

275 1559 372 1605 qua
397 1542 593 1588 flamma
617 1549 785 1589 totum
811 1559 862 1589 se
889 1559 979 1604 per
1003 1543 1249 1589 ambitum
1274 1542 1429 1589 dabat

275 1611 479 1657 volvens
504 1614 556 1656 in
582 1611 739 1657 altum
767 1611 987 1657 fumidos
1011 1618 1155 1657 aestu
1179 1611 1368 1673 globos.

273 1696 330 1725 ac
357 1695 519 1741 paene
546 1695 656 1725 sero
683 1679 894 1726 Croesus
919 1683 1119 1741 ingenti
1143 1695 1281 1736 sono,

274 1752 304 1773 “
323 1746 369 1793 O
395 1763 512 1793 vere
539 1747 726 1804 vates,''
754 1750 935 1810 inquit,
963 1753 992 1773 ‘⁶
1011 1747 1056 1794 O
1083 1747 1254 1805 Solon,
1280 1746 1431 1793 Solon
1455 1748 1461 1776 ¹
1481 1746 1505 1761 ''

275 1815 491 1861 clamore
516 1832 701 1877 magno
726 1822 805 1862 ter
831 1815 1068 1862 Solonem
1092 1822 1367 1877 nuncupat.

275 1900 372 1946 qua
396 1900 518 1929 voce
545 1883 701 1946 Cyrus
726 1890 910 1940 motus,
937 1887 1168 1946 extingui
1192 1884 1336 1929 iubet

274 1968 455 2014 gyrum
482 1967 571 2013 per
596 1967 799 1997 omnem
826 1958 878 1997 et
903 1951 1097 1997 destrui
1121 1951 1388 1997 ardentem
1413 1968 1587 2014 pyram
1608 1968 1617 1996 :

276 2026 329 2066 et
354 2019 674 2065 commodum
699 2018 930 2081 profusus
957 2020 1118 2065 imber
1142 2019 1361 2065 nubibus

274 2090 514 2150 repressit
539 2091 724 2148 ignem.
800 2087 1010 2134 Croesus
1036 2087 1097 2133 ad
1123 2103 1299 2149 regem
1323 2087 1457 2133 illico

275 2172 366 2217 per
389 2156 661 2201 militarem
687 2155 890 2202 ducitur
913 2155 1100 2202 lectam
1124 2171 1331 2201 manum
1351 2172 1360 2202 2

274 2227 630 2285 interrogatur,
657 2240 806 2286 quem
835 2223 1072 2270 Solonem
1096 2223 1291 2270 diceret

276 2298 328 2338 et
353 2308 503 2354 quam
528 2291 696 2338 ciendi
721 2308 921 2338 causam
945 2291 1159 2338 haberet
1182 2292 1434 2337 nominis?

275 2363 457 2406 seriem
482 2376 573 2421 per
598 2375 800 2406 omnem
826 2366 1008 2405 cuncta
1034 2362 1142 2421 regi
1169 2359 1412 2405 edisserit.

276 2430 542 2474 miseratur
567 2427 652 2473 ille
678 2431 880 2489 vimque
905 2427 1140 2474 fortunae
1166 2427 1342 2473 videns

274 2495 449 2542 laudat
474 2494 711 2542 Solonem
732 2513 740 2542 :
780 2495 1018 2542 Croesum
1042 2495 1161 2542 inde
1187 2498 1238 2540 in
1264 2496 1435 2540 amicis
1459 2492 1616 2540 habet

279 2672 373 2731 318

1719 591 1780 636 95

1689 929 1783 975 100

1691 1271 1784 1316 1Οὸ

1690 1610 1785 1656 110

1690 2289 1784 2335 120

1863 143 1866 145 -
1852 11 1871 129 .-.Ain—t·
1868 0 1871 2 .
