1871 3046
806 177 1163 225 AUSONIUS

231 313 353 373 quin
378 314 532 357 etiam
556 327 724 357 rerum
749 310 1004 357 dominam
1032 309 1265 372 Latiique
1290 314 1556 370 parentem

230 401 448 463 adpetiit
471 401 621 458 bello,
647 401 859 447 ducibus
884 416 987 445 non
1011 398 1142 444 freta
1165 401 1366 460 togatis.
1681 397 1742 442 10

233 490 536 536 Hannibalis
561 494 721 536 iurata
745 492 892 534 armis
919 488 1235 550 deceptaque
1260 490 1314 532 in
1337 486 1496 533 hostis

231 583 490 625 servitium
516 579 727 625 demens
753 581 920 640 specie
946 579 1180 623 transivit
1206 575 1327 621 erili.

229 675 475 714 mox—ut
499 671 552 713 in
577 684 806 713 occasum
834 670 966 712 vitiis
993 666 1342 712 communibus
1367 668 1467 711 acti

232 764 542 803 conruerunt
571 757 725 802 Poeni
748 757 887 814 luxu,
914 756 1186 818 Campania
1211 754 1356 812 fastO,

231 845 355 909 (heu
371 861 648 907 numquam
664 845 899 890 stabilem
915 848 1092 891 sortita
1109 845 1342 906 superbia
1360 843 1534 890 sedem
1553 842 1654 909 !)—
1684 845 1743 891 15

230 934 317 980 illa
336 940 518 996 potens
537 934 817 996 opibusque
838 934 1026 991 valens,
1049 934 1204 979 Roma
1222 932 1382 979 altera
1401 933 1670 995 quondam,

232 1039 431 1070 comere
459 1039 586 1086 quae
612 1023 814 1084 paribus
840 1026 1007 1084 potuit
1031 1022 1233 1085 fastigia
1258 1025 1412 1080 conis,

233 1120 466 1159 octavum
492 1115 680 1158 reiecta
704 1112 871 1158 locum
896 1116 977 1158 vix
1003 1128 1165 1175 paene
1191 1118 1377 1159 tuetur.

791 1350 1197 1402 IX.—-AQU1LE1A

237 1484 352 1529 NoN
380 1489 488 1528 erat
513 1486 609 1528 iste
635 1483 801 1529 locus:
840 1486 1022 1530 merito
1048 1490 1221 1529 tamen
1246 1491 1394 1531 aucta
1418 1486 1629 1541 recenti,

235 1589 368 1618 nona
392 1576 527 1618 inter
552 1572 707 1618 claras
733 1573 977 1624 AQUILEIA
1006 1574 1217 1619 cieberis
1243 1574 1408 1630 urbes,

237 1662 366 1708 Itala
389 1661 453 1707 ad
481 1661 707 1724 Illyricos
733 1663 932 1708 obiecta
958 1662 1152 1708 colonia
1176 1669 1392 1719 montes,

235 1753 500 1797 moenibus
526 1758 579 1797 et
603 1758 753 1813 portu
780 1752 1121 1798 celeberrima.
1197 1752 1285 1798 sed
1312 1755 1471 1814 magis
1496 1752 1622 1798 illud

237 1844 700 1898 eminet,.extre1no
727 1841 862 1903 quod
887 1848 940 1887 te
966 1842 1057 1887 sub
1082 1848 1313 1903 tempore
1338 1842 1482 1904 legit,
1721 1842 1748 1886 5

236 1929 455 1975 solveret
481 1936 659 1975 exacto
684 1933 764 1974 cui
790 1946 900 1975 sera
924 1930 1120 1991 piacula
1145 1930 1303 1976 lustro

239 2018 505 2075 Maximus,
532 2021 767 2080 armigeri
799 2019 1052 2081 quondam
1080 2020 1172 2064 sub
1198 2022 1403 2064 nomine
1429 2019 1542 2065 lixa.

237 2107 375 2164 felix,
403 2124 529 2170 quae
555 2111 687 2154 tanti
713 2111 988 2170 spectatrix
1014 2108 1148 2154 laeta
1172 2107 1417 2170 triumphi

238 2199 428 2258 punisti
455 2197 678 2242 Ausonio
708 2196 1020 2259 Rutupinum
1050 2197 1215 2243 Marte
1241 2197 1504 2242 latronem.

295 2361 310 2384 1
342 2360 421 2400 See
444 2361 570 2413 Livy,
591 2373 728 2400 XXIII.
747 2363 801 2401 vi.
823 2363 859 2401 6.
912 2362 1041 2401 After
1062 2363 1138 2402 the
1161 2361 1301 2401 battle
1322 2362 1366 2401 of
1386 2361 1577 2410 Cannae,
1602 2361 1752 2413 Capua

240 2416 399 2467 agreed
422 2422 468 2454 to
490 2416 564 2454 aid
586 2416 724 2455 Rome
743 2418 918 2469 against
941 2416 1177 2466 Hannibal,
1213 2430 1267 2455 on
1300 2416 1526 2456 condition
1548 2416 1649 2456 that
1671 2429 1752 2455 one

239 2471 283 2509 of
304 2471 380 2509 the
403 2471 575 2509 consuls
598 2472 796 2520 (curules)
819 2471 974 2509 should
998 2471 1050 2510 be
1071 2485 1095 2510 a
1116 2471 1308 2523 Capuan.

295 2524 309 2547 ²
341 2525 528 2576 Magnus
551 2525 787 2574 Maximus,
808 2539 834 2564 a
854 2525 1085 2577 Spaliiarcl,
1104 2527 1140 2564 is
1161 2526 1256 2565 said
1277 2526 1334 2578 by
1354 2525 1544 2565 Pacatus
1567 2525 1746 2575 (Paneq.

240 2578 286 2618 in
312 2579 466 2619 Theod.
494 2581 604 2629 531)
627 2585 673 2619 to
694 2581 805 2619 have
826 2581 935 2619 been
966 2594 991 2619 a
1021 2581 1181 2619 menia]
1211 2580 1298 2619 and
1329 2580 1569 2632 hanger-on
1600 2580 1749 2629 (περίε-

245 2669 339 2715 274
