1871 3046
779 185 1137 235 AUSONIUS

202 321 536 381 insanumque
562 335 712 365 ruens
737 335 828 381 per
852 335 968 365 saxa
993 322 1212 365 rotantia
1237 318 1339 364 late

202 409 254 452 in
274 423 411 454 mare
431 424 754 470 purpureum,
775 408 1009 454 dominae
1029 414 1202 453 tamen
1222 414 1341 454 ante
1363 407 1606 455 Mosellae

202 499 410 542 numine
436 496 659 554 adorato,
685 496 993 542 Tarbellicus
1018 497 1112 542 ibit
1139 496 1366 542 Aturrus.

271 583 515 647 Corniger
540 592 774 632 externas
801 584 1105 632 celebrande
1134 585 1347 631 Mosella
1372 601 1462 647 per
1487 601 1613 642 oras,

202 690 298 719 nec
323 674 437 721 solis
465 675 766 721 celebrande
791 675 928 732 locis,
956 676 1041 721 ubi
1067 674 1210 721 fonte
1236 691 1471 737 supremo
1617 671 1714 720 470

203 766 365 808 exeris
391 769 622 810 auratum
647 767 875 810 taurinae
901 763 1081 810 frontis
1107 763 1367 821 honorem,

205 866 368 912 quave
396 851 556 897 trahis
582 852 806 914 placidos
833 856 1032 900 sinuosa
1057 870 1148 915 per
1173 870 1289 899 arva
1316 859 1530 910 meatus,

204 940 285 986 vel
305 956 402 1002 qua
430 940 696 988 Germanis
722 943 814 988 sub
839 944 1066 1004 portibus
1092 946 1218 989 ostia
1244 943 1420 989 solvis:

205 1033 245 1075 si
272 1033 382 1092 quis
408 1029 566 1076 honos
592 1034 736 1077 tenui
760 1031 897 1077 volet
921 1031 1175 1093 adspirare
1201 1048 1458 1089 camenae,

204 1118 420 1180 perdere
446 1123 485 1166 si
511 1124 621 1183 quis
647 1124 696 1166 in
723 1120 800 1167 his
826 1121 1120 1183 dignabitur
1145 1125 1246 1167 otia
1270 1124 1439 1178 musis,
1620 1119 1715 1166 475

204 1208 298 1253 ibis
323 1212 375 1253 in
400 1225 485 1254 ora
509 1209 771 1256 hominum
795 1210 1032 1273 laetoque
1057 1209 1294 1256 fovebere
1320 1216 1486 1256 cantu.

204 1302 257 1342 te
283 1296 452 1343 fontes
479 1301 677 1361 vivique
702 1298 856 1356 lacus,
881 1305 934 1344 te
961 1299 1159 1344 caerula
1184 1306 1398 1345 noscent

204 1384 425 1444 flumina,
450 1393 503 1433 te
530 1394 728 1437 veteres
753 1405 997 1450 pagorum
1021 1388 1180 1450 gloria
1202 1388 1332 1444 luci3

205 1482 258 1521 te
287 1474 477 1532 Druna,
504 1482 558 1522 te
583 1480 765 1538 sparsis
790 1480 984 1523 incerta
1011 1477 1262 1523 Druentia
1287 1481 1406 1539 ripis

206 1564 482 1627 Alpinique
508 1565 679 1612 colent
703 1566 838 1612 fluvii
861 1567 1219 1630 duplicemque
1245 1584 1336 1629 per
1359 1568 1537 1613 urbem
1621 1567 1717 1614 480

205 1657 291 1716 qui
316 1661 453 1701 meat
479 1661 531 1701 et
558 1655 783 1702 Dextrae
814 1656 1084 1703 Rhodanus
1110 1656 1200 1703 dat
1224 1659 1428 1702 nomina
1452 1660 1620 1719 ripae;

205 1748 259 1788 te
285 1747 477 1805 stagnis
503 1760 599 1807 ego
624 1745 869 1792 caeruleis
893 1762 1236 1808 magnumque
1262 1749 1453 1792 sonoris

203 1833 450 1890 amnibus,
476 1849 755 1896 aequoreae
781 1841 833 1881 te
861 1835 1225 1881 commendabo
1252 1834 1552 1881 Garumnae.

205 1986 285 2082 332)
305 1987 410 2081 Ἰἓέξξ
439 2000 565 2026 verse
595 1988 630 2026 is
660 1987 811 2040 partly
837 1987 1043 2027 imitated
1078 1988 1132 2039 by
1162 1987 1295 2040 Pope,
1337 1987 1533 2027 11⁷2511lsor
1554 1987 1715 2036 Fore-st,

290 2074 299 2091 ⁷
333 2109 361 2128 “
381 2106 464 2147 Old
485 2107 651 2146 Fabher
673 2107 859 2147 Thames
882 2107 1108 2147 advanced
1132 2108 1199 2147 his
1221 2107 1420 2147 rev'rend
1444 2107 1554 2146 head

380 2216 464 2256 His
485 2217 662 2269 shining
682 2216 814 2256 horns
836 2217 1024 2257 diffused
1046 2231 1071 2257 a
1091 2217 1251 2270 golden
1273 2217 1457 2270 gleam.”

218 2663 309 2707 262
