1871 3046
796 193 1153 241 AUSONIUS

219 329 589 385 cunctaturque
614 330 756 369 metu
783 324 1046 386 telumque
1072 329 1260 370 instare
1285 328 1534 371 tremiscit
1550 325 1570 354 1

217 407 461 453 spemque
497 397 793 453 metumque
831 395 965 438 inter
985 393 1005 422 2
1042 392 1314 454 funditque
1348 392 1435 438 has
1469 409 1554 438 ore
1587 393 1659 438 lo-

354 458 528 520 quelas
548 476 557 505 ε
574 458 593 488 3

219 531 248 552 “
268 525 362 571 Per
386 533 456 583 te,
483 543 587 588 per,
615 530 700 589 qui
725 533 778 573 te
803 527 959 573 talem
985 543 1228 588 genuere,
1254 528 1530 588 parentes,4

217 610 246 638 ο
269 593 485 640 formose
511 594 675 655 puer,⁷5
700 601 903 640 noctem
930 612 1031 640 non
1058 595 1273 656 amplius
1299 612 1450 640 unam
1469 596 1486 624 6
1663 597 1725 641 95

215 660 346 706 hanc
370 668 443 718 tu,
471 679 572 718 oro,
599 662 757 708 solare
778 666 982 724 inopem
999 663 1016 691 7
1037 669 1090 708 et
1110 667 1348 709 miserere
1368 663 1660 724 precantis.S

216 729 547 775 succidimus:
585 746 687 775 non
713 730 887 792 lingua
914 731 1063 786 valet,
1090 748 1192 776 non
1219 748 1425 792 corpore
1451 738 1602 777 notae

215 797 467 842 sufficiunt
493 801 635 854 vires,
662 814 757 842 nec
784 815 877 843 vox
904 805 992 844 aut
1016 800 1168 844 verba
1194 799 1523 860 sequuntur.'’
1543 799 1561 827 9

214 864 300 909 ille
325 871 498 909 autem
523 881 532 909 z
571 870 599 890 “
623 865 804 911 Causas
830 870 1138 928 nequiquam
1164 871 1327 912 nectis
1354 866 1578 923 inanes,”
1596 866 1637 895 10

212 935 616 994 praecipitatque
670 949 831 978 moras
886 937 1046 979 omnis
1065 934 1106 962 11
1159 935 1409 996 solvitque
1465 934 1624 996 pudo-

351 998 519 1045 rem.12
1633 1002 1727 1048 100

825 1110 1121 1156 PARECBASIS

283 1231 558 1277 HACTENUS
618 1236 766 1278 castis
820 1233 1021 1278 auribus
1069 1232 1379 1278 audiendum
1427 1236 1727 1296 mysterium

211 1300 440 1361 nuptiale
505 1301 701 1345 ambitu
768 1300 1010 1362 loquendi
1076 1307 1128 1346 et
1189 1304 1483 1346 circuitione
1549 1300 1725 1346 velavi.

210 1384 385 1413 verum
412 1371 648 1429 quoniam
675 1375 727 1414 et
755 1368 1095 1414 Fescenninos
1128 1375 1264 1414 amat
1297 1368 1564 1414 celebritas
1598 1386 1726 1430 nup-

210 1435 342 1480 tialis
387 1436 754 1498 verborumque
797 1436 1135 1497 petulantiam
1177 1443 1327 1482 notus
1369 1443 1543 1482 vetere
1583 1440 1726 1482 insti-

211 1509 324 1549 tuto
354 1503 502 1549 ludus
533 1504 778 1560 admittit,
804 1511 973 1550 cetera
1003 1521 1203 1566 quoque
1229 1504 1447 1549 cubiculi
1473 1511 1526 1550 et
1550 1504 1726 1550 lectuli

211 1577 388 1632 operta
424 1572 705 1633 prodentur
741 1573 803 1616 ab
843 1572 1024 1617 eodem
1060 1579 1265 1618 auctore
1304 1572 1531 1629 collecta,
1563 1579 1621 1618 ut
1650 1573 1725 1618 bis

199 1640 581 1694 erubescamus,
603 1644 688 1701 qui
709 1647 762 1685 et
781 1640 1063 1700 Vergilium
1089 1640 1328 1685 faciamus
1354 1640 1721 1701 impudentem.

210 1724 312 1764 vos³
339 1710 377 1752 si
404 1707 588 1768 placet,
616 1708 696 1753 hic
723 1711 820 1752 iam
847 1708 1054 1769 legendi
1081 1708 1287 1753 modum
1314 1711 1488 1769 ponite
1510 1726 1518 1753 :
1556 1714 1726 1754 cetera

210 1779 414 1820 curiosis
438 1775 725 1838 relinquite.

715 1960 1218 2005 VIII.—IMM1NUT10

216 2078 481 2131 POSTQUAM
503 2083 756 2141 congressi
775 2080 815 2109 13
843 2079 945 2125 sola
972 2081 1063 2124 sub
1089 2087 1239 2126 nocte
1266 2096 1356 2142 per
1382 2081 1610 2125 umbram
1642 2080 1683 2108 14

211 2153 264 2192 et
278 2154 509 2192 mentem
520 2147 692 2193 Venus
711 2151 819 2209 ipsa
834 2147 1038 2204 dedit,15
1055 2164 1184 2193 nova
1199 2147 1390 2209 proelia
1405 2147 1724 2209 temptant.1⁶

217 2215 350 2260 tollit
375 2232 427 2261 se
455 2222 706 2261 arrectum
729 2215 794 2260 :17
832 2222 1103 2260 conantem
1130 2215 1345 2277 plurima
1369 2215 1556 2261 frustra
1571 2214 1610 2244 13

284 2312 297 2336 1
328 2314 436 2352 Aen.
464 2314 536 2351 xii.
565 2314 657 2353 916.
818 2311 835 2335 2
863 2312 970 2352 Aen.
998 2313 1024 2351 i.
1052 2313 1143 2352 218.
1311 2312 1327 2335 3
1355 2313 1464 2352 Aen.
1490 2326 1527 2351 v.
1557 2314 1646 2352 842.

284 2367 299 2390 4
328 2368 436 2406 Aen.
464 2381 505 2405 x.
530 2368 622 2406 597.
820 2366 836 2389 5
865 2367 953 2407 Ecl.
983 2368 1026 2406 ii.
1056 2368 1116 2408 17.
1309 2366 1325 2391 ⁶
1354 2368 1462 2406 Aen.
1490 2368 1515 2407 i.
1543 2368 1634 2406 683.

285 2421 300 2446 7
329 2422 439 2460 Aen.
466 2422 523 2460 ix.
548 2422 639 2461 290,
820 2420 835 2445 8
864 2421 973 2460 Aen.
997 2435 1037 2461 x.
1065 2423 1158 2461 598.
1308 2420 1324 2445 9
1352 2422 1460 2460 Aen.
1488 2422 1560 2461 xii.
1589 2423 1679 2461 911.

266 2474 298 2499 10
327 2476 436 2515 Aen.
463 2477 521 2516 ix.
546 2477 638 2515 219.
800 2474 830 2498 11
861 2479 966 2515 Aen.
995 2477 1068 2514 xii.
1097 2477 1189 2515 699.
1291 2475 1324 2499 12
1352 2479 1462 2515 Aen.
1486 2477 1544 2514 iv.
1568 2478 1633 2515 55.

268 2530 300 2554 1³
330 2530 440 2569 Aen.
463 2531 522 2570 xi.
545 2531 636 2570 631.
802 2530 834 2553 ¹⁴
863 2531 971 2569 Aen.
1001 2532 1056 2569 vi.
1079 2532 1171 2570 268.
1291 2529 1324 2553 15
1356 2535 1503 2580 (ieory.
1531 2531 1590 2569 iii.
1623 2531 1714 2571 267.

265 2585 301 2609 1⁶
330 2584 438 2625 Aen.
466 2586 526 2624 iii.
554 2586 646 2624 240.
803 2584 834 2609 17
862 2584 972 2626 Aen.
998 2598 1037 2624 X.
1065 2585 1157 2624 892.
1294 2583 1326 2608 18
1353 2585 1463 2624 Aen.
1489 2585 1545 2624 ix.
1573 2585 1664 2624 398.

211 2663 308 2722 386
1559 2660 1563 2664 ’
