1871 3046
787 501 1040 557 LIBER
1088 501 1170 556 Vl

220 683 606 730 EPITAPHIA
660 683 969 729 HEROUM
1021 684 1147 742 QUI
1197 683 1424 728 BELLO
1469 682 1728 729 TROICO

700 761 1254 808 INTERFUERUNT

289 938 326 983 Α
335 936 520 983 sus-onius
546 936 731 982 Lectori
754 936 848 981 Suo
875 936 1091 982 Salutem.

288 1019 369 1064 An
404 1036 512 1066 rem
549 1021 805 1080 pertinere
844 1021 1141 1077 existimavi,
1176 1025 1234 1065 ut
1272 1019 1350 1065 vel
1389 1036 1569 1065 vanum
1610 1035 1731 1081 opu-

219 1101 414 1147 sculum
455 1103 698 1147 materiae
737 1104 1064 1163 congruentis
1104 1101 1416 1147 absolverem
1456 1107 1509 1147 et
1544 1100 1734 1157 libello,

221 1186 306 1246 qui
345 1185 877 1229 commemorationem
920 1182 1076 1229 habet
1117 1199 1307 1241 eorum,
1346 1187 1431 1246 qui
1471 1183 1549 1229 vel
1591 1199 1734 1245 pere-

220 1269 351 1328 grini
382 1263 707 1331 [Burdigalae
741 1264 821 1310 vel
840 1262 878 1329 1]
911 1264 1301 1327 Burdigalenses
1330 1281 1543 1327 peregre
1582 1264 1735 1311 docu-

221 1354 388 1406 erunt,
415 1347 688 1409 Epitaphia
714 1347 1071 1393 subnecterem
1107 1344 1322 1412 [scilicet
1354 1347 1530 1393 titulos
1568 1347 1734 1409 sepul-

221 1430 377 1477 crales
395 1427 435 1495 2]
461 1429 688 1486 heroum,
716 1432 800 1491 qui
826 1428 961 1474 bello
987 1428 1166 1475 Troico
1191 1428 1552 1476 interfuerunt.
1607 1445 1734 1491 quae

220 1515 429 1574 antiqua
454 1528 568 1557 cum
594 1517 718 1572 aput
743 1510 1058 1572 philologum
1093 1510 1349 1573 quendam
1382 1514 1734 1573 repperissem,

224 1594 405 1640 Latino
435 1609 666 1639 sermone
701 1596 946 1650 converti,
983 1609 1085 1638 non
1123 1599 1180 1638 ut
1217 1596 1511 1639 inservirem
1549 1592 1736 1638 ordinis

222 1675 561 1738 persequendi
599 1673 789 1741 [studio
806 1673 863 1740 3],
902 1682 979 1722 set
1011 1683 1069 1722 ut
1104 1675 1427 1722 cohercerem
1457 1675 1615 1722 libere
1641 1691 1736 1722 nec

221 1760 518 1805 aberrarem.

747 1857 1211 1904 I.—AGAMEMNON1

226 1961 330 2006 REX
356 1977 534 2023 regum
559 1960 784 2018 Atrides,
810 1960 1063 2007 fraternae
1092 1963 1319 2022 coniugis
1346 1960 1495 2017 ultor,

292 2046 485 2104 oppetii
512 2044 742 2089 manibus
769 2046 994 2104 coniugis
1021 2046 1127 2104 ipse
1153 2059 1309 2088 meae.

222 2123 344 2187 quid
369 2123 577 2186 prodest
604 2124 834 2170 Helenes
861 2131 1061 2186 raptum
1089 2128 1293 2185 punisse
1319 2123 1600 2181 dolentem,

291 2206 544 2251 vindicem
569 2205 807 2253 adulterii
833 2222 947 2251 cum
974 2206 1312 2268 Clytemestra
1338 2207 1526 2252 necet?

280 2308 296 2332 1
327 2308 479 2360 Suppl.
515 2308 698 2348 Vivent-2.
817 2307 833 2331 2
862 2309 902 2347 A
924 2307 1053 2359 gloss.
1171 2309 1184 2330 ³
1214 2307 1459 2360 Suggested
1481 2307 1539 2360 by
1561 2306 1731 2358 Peiper.

278 2415 294 2438 1
325 2414 417 2453 The
458 2414 613 2465 Peplos
645 2413 689 2453 of
726 2414 1025 2453 “Aristode'’
1058 2416 1099 2462 (a
1131 2414 1364 2454 collection
1391 2413 1436 2453 of
1465 2414 1738 2466 sixty-seven

226 2469 425 2521 couplets
447 2469 838 2520 commemorating
858 2468 1002 2508 Greek
1032 2469 1119 2508 and
1146 2469 1309 2520 Trojan
1339 2469 1508 2516 heroes)
1538 2468 1737 2508 contains

226 2523 303 2563 the
325 2524 534 2576 originals
557 2523 601 2563 of
631 2536 776 2575 many,
803 2522 884 2562 but
913 2523 972 2575 by
999 2537 1054 2562 no
1077 2537 1226 2563 means
1252 2523 1326 2572 all,
1353 2522 1398 2562 of
1422 2523 1548 2562 these
1577 2523 1732 2574 pieces.

226 2577 331 2618 Nos.
378 2578 681 2619 xxvii-xxxv.
726 2578 836 2616 have
879 2591 934 2616 no
976 2579 1235 2618 connection
1287 2577 1395 2617 with
1447 2577 1524 2616 the
1576 2577 1736 2628 Trojan

235 2671 325 2713 140
