1871 3046
859 211 1216 262 AUSONIUS

281 351 380 398 culi
405 351 761 414 monosyllabis
786 353 1141 405 terminantur,
1174 346 1379 393 exordio
1412 352 1586 393 tamen
1618 346 1795 403 libero,

280 450 585 497 quamquam
622 432 721 479 fine
758 432 1002 494 legitimo.
1078 436 1156 475 set
1191 429 1428 485 laboravi,
1455 434 1513 474 ut
1549 434 1796 490 quantum

282 520 388 563 eius
436 523 645 579 possent
692 521 816 577 aput
864 530 1009 560 aures
1058 512 1542 574 indulgentissimas,
1583 509 1798 556 absurda

280 602 627 655 concinerent,
662 596 849 643 insulsa
884 599 1185 658 resiperent,
1221 593 1388 639 hiulca
1425 598 1797 655 congruerent3

281 681 503 743 denique
552 680 803 726 haberent
847 686 901 725 et
942 695 1107 724 amara
1157 676 1484 723 dulcedinem
1528 681 1581 721 et
1623 677 1798 736 inepta

281 778 520 808 venerem
558 768 612 807 et
647 777 823 823 aspera
862 760 1142 807 lenitatem.
1218 775 1346 822 quae
1376 757 1583 820 quidem
1614 760 1798 814 onmia,

283 847 521 906 quonian]
551 846 769 889 insuavis
799 846 1010 889 materia
1043 842 1363 898 devenustat,
1394 840 1547 886 lectio
1579 841 1800 902 benigna

284 925 534 972 conciliet.
600 932 654 971 tu
683 942 883 987 quoque
909 925 1031 971 mihi
1057 932 1145 972 tua
1171 924 1321 971 crede
1349 926 1585 981 securior,
1611 926 1798 985 quippe

283 1007 506 1065 meliora,
534 1014 606 1065 ut,
633 1007 767 1069 quod
794 1023 884 1068 per
907 1008 1209 1070 adagionem
1235 1009 1510 1069 coepimus,
1536 1005 1799 1067 proverbio

283 1090 511 1136 finiamus
538 1096 589 1136 et
617 1095 897 1135 “mutuum
923 1089 1046 1135 muli
1072 1088 1349 1152 scalpant.’'

1022 1301 1065 1345 ΧΤ

352 1412 568 1457 AEMULA
594 1411 686 1467 dis,
713 1417 922 1458 naturae
949 1413 1209 1466 imitatrix,
1236 1412 1556 1470 omniparens
1582 1424 1675 1464 ars,

287 1493 470 1539 Pacato
497 1499 554 1539 ut
579 1492 784 1539 studeat
808 1492 958 1538 ludus
984 1508 1144 1549 meus,
1170 1497 1279 1537 esto
1306 1494 1445 1552 operi
1471 1490 1586 1537 dux.

283 1581 409 1632 arta,
436 1578 703 1620 inamoena
727 1574 849 1621 licet
874 1591 968 1620 nec
995 1590 1216 1635 congrua
1243 1573 1545 1618 carminibus
1571 1572 1669 1629 lex,

284 1656 449 1703 iudice
477 1658 569 1703 sub
594 1663 740 1702 tanto
766 1655 907 1702 fandi
932 1663 1105 1703 tamen
1132 1658 1346 1717 accipiet
1372 1658 1460 1701 ius.

283 1742 470 1801 quippe
499 1746 552 1786 et
577 1738 801 1785 ridiculis
827 1738 946 1785 data
971 1738 1147 1800 gloria,
1173 1741 1225 1782 ni
1250 1736 1488 1799 prohibet
1513 1737 1627 1783 fors.
1772 1738 1799 1782 5

787 1945 1028 1991 VL-DE
1068 1945 1304 1990 MEMBms

287 2055 498 2101 INDICAT
523 2058 575 2100 in
600 2059 768 2117 pueris
796 2059 1064 2117 septennia
1090 2058 1249 2116 prima
1273 2071 1431 2101 novus
1457 2053 1599 2110 dens,

286 2138 539 2198 pubentes
565 2154 722 2184 annos
748 2139 999 2184 robustior
1023 2140 1268 2198 anticipat
1294 2153 1400 2182 vox.

284 2223 472 2265 invicta
499 2226 551 2266 et
576 2223 742 2266 ventis
769 2227 823 2266 et
849 2219 1036 2266 solibus
1064 2226 1141 2266 est
1166 2219 1429 2264 hominum
1454 2218 1604 2264 frons.

288 2302 530 2348 ecdurum
557 2306 699 2348 nervi
725 2320 838 2348 cum
865 2306 1054 2349 viscere
1082 2305 1374 2348 consociant
1400 2317 1466 2347 os.

285 2385 502 2447 palpitat
527 2389 798 2448 inrequies,
825 2392 1084 2447 vegetum,
1109 2391 1262 2441 teres,
1288 2401 1419 2440 acre,
1445 2383 1613 2428 calens
1640 2399 1737 2439 cor,
1772 2383 1799 2427 5

342 2505 357 2529 ¹
387 2505 447 2546 Or
471 2508 499 2526 “
518 2506 682 2553 Harsh‚
706 2506 928 2558 unlovely,
950 2505 1037 2545 and
1059 2505 1169 2544 with
1189 2518 1313 2544 verse
1335 2504 1610 2556 ill-agreeing
1630 2503 1800 2556 though

285 2559 338 2599 be
370 2560 446 2599 the
482 2561 577 2607 law,
611 2564 688 2612 yet
719 2561 829 2600 with
863 2574 909 2600 so
939 2564 1064 2612 great
1105 2573 1129 2598 a
1163 2559 1311 2612 judge,
1346 2572 1420 2611 my
1441 2558 1562 2598 work
1597 2565 1642 2598 to
1670 2557 1800 2610 plead

285 2615 398 2654 shall
420 2616 507 2655 win
529 2616 606 2654 the
625 2615 785 2666 riyhtst'

290 2708 382 2751 292
