1871 3046
789 203 1145 251 AUSONIUS

215 334 474 381 Gallorum
500 341 753 382 extremos
778 339 912 381 inter
938 335 1223 398 celsamque
1253 335 1502 397 Pyrenen,

212 420 466 476 temperat
489 417 738 476 ingenuos
764 431 861 477 qua
886 414 1019 460 laeta
1045 414 1349 476 Aquitanica
1373 430 1555 471 mores,

212 491 375 538 audax
401 494 582 554 exigua
606 491 704 538 fide
731 495 953 538 concino.
1028 491 1100 538 fas
1125 491 1251 537 mihi
1275 508 1471 537 sacrum

213 573 565 632 perstrinxisse
590 587 791 616 amnem
817 573 961 617 tenui
984 570 1225 616 libamine
1254 570 1443 617 Musae.

212 665 308 694 nec
324 648 528 695 laudem
543 648 761 706 adfecto,
778 652 977 694 veniam
994 656 1127 710 peto.
1180 656 1299 695 sunt
1314 650 1407 695 tibi
1424 649 1587 706 multi,
1628 650 1723 694 445

212 726 344 772 alme
369 730 546 784 amnis,
571 743 732 773 sacros
760 730 843 790 qui
870 727 1137 773 sollicitare
1164 719 1342 773 fluores

217 803 471 849 Aonidum
494 811 757 866 totamque
783 805 949 851 solent
974 805 1173 851 haurire
1200 806 1519 868 Aganippen.

214 888 292 928 ast
317 899 429 944 egO,
455 889 644 944 quanta
668 886 769 929 mei
793 883 995 931 dederit
1020 900 1072 930 se
1099 900 1226 929 vena
1250 884 1472 946 liquoris,

215 960 539 1022 Burdigalam
559 977 673 1006 cum
692 977 773 1007 me
793 965 844 1006 in
865 965 1079 1023 patriam
1099 962 1378 1024 nidumque
1398 968 1635 1008 senectae

214 1038 493 1100 Augustus,
518 1045 664 1100 pater
689 1045 742 1084 et
767 1043 889 1096 nati,
915 1055 1028 1086 mea
1052 1043 1268 1085 maxima
1294 1057 1426 1097 cura,
1630 1039 1726 1084 450

212 1116 430 1163 fascibus
456 1117 691 1163 Ausoniis
717 1117 1011 1164 decoratum
1037 1124 1090 1164 et
1116 1118 1305 1164 honore
1331 1118 1490 1164 curuli

213 1198 424 1242 mittent
451 1199 693 1241 emeritae
719 1202 834 1258 post
858 1212 1068 1241 munera
1093 1195 1406 1258 disciplinae,

211 1274 361 1319 latius
390 1273 564 1319 Arctoi
589 1278 857 1335 praeconia
881 1291 1153 1337 persequar
1177 1279 1349 1320 amnis.

212 1351 395 1397 addam
420 1352 587 1410 urbes,
611 1356 768 1398 tacito
794 1369 916 1415 quas
942 1353 1300 1400 subterlaberis
1326 1354 1482 1411 alveo,

198 1433 513 1492 -moeniaque
539 1434 759 1493 antiquis
784 1437 837 1477 te
863 1435 1241 1493 prospectantia
1265 1435 1449 1488 muris;
1630 1434 1725 1478 455

212 1508 396 1554 addam
421 1508 683 1570 praesidiis
708 1508 974 1555 dubiarum
1002 1510 1206 1555 condita
1231 1527 1415 1567 rerum³

215 1587 305 1634 sed
329 1587 479 1633 modo
504 1591 691 1633 securis
717 1605 819 1633 non
845 1595 1022 1645 castra,
1049 1589 1138 1635 sed
1162 1588 1342 1635 horrea
1370 1589 1569 1651 Belgis3

215 1662 397 1709 addam
422 1662 596 1709 felices
621 1666 728 1725 ripa
755 1680 816 1709 ex
843 1670 1056 1726 utraque
1083 1664 1285 1710 colonos

215 1748 370 1804 teque
395 1744 530 1787 inter
553 1742 745 1788 medios
771 1742 1134 1805 hominumque
1162 1744 1415 1806 boumque
1441 1742 1638 1790 labores

215 1824 555 1881 stringentem
582 1824 711 1882 ripas
739 1828 791 1867 et
816 1825 1024 1883 pinguia
1049 1822 1184 1868 culta
1210 1829 1481 1868 secantem.
1631 1822 1728 1867 460

217 1915 317 1944 non
343 1900 436 1944 tibi
463 1915 515 1945 se
544 1898 696 1960 Liger
719 1899 991 1957 anteferet,
1017 1917 1117 1945 non
1146 1901 1325 1945 Axona
1350 1917 1606 1963 praeceps,

219 1976 455 2022 Matrona
479 1992 597 2034 non,
626 1976 783 2023 Gallis
812 1977 1081 2040 Belgisque
1106 1981 1337 2024 intersita
1362 1979 1491 2036 finis,

217 2054 489 2101 Santonico
514 2055 697 2101 refluus
723 2072 825 2101 non
850 2060 957 2118 ipse
984 2057 1296 2103 Carantonus
1322 2064 1478 2103 aestu.

217 2133 465 2179 concedes
491 2133 676 2195 gelido,
706 2134 914 2192 Durani,
941 2135 1004 2181 de
1031 2142 1205 2181 monte
1231 2135 1431 2181 volutus

217 2215 395 2269 amnis,
421 2218 473 2258 et
501 2212 775 2259 auriferum
801 2220 1075 2275 postponet
1101 2213 1264 2259 Gallia
1290 2213 1493 2259 Tarnen
1633 2212 1728 2258 465

271 2387 284 2410 1
317 2385 384 2425 fle.
411 2386 608 2425 between
632 2388 709 2426 the
730 2387 934 2426 Garonne
962 2387 1049 2425 and
1080 2388 1155 2426 the
1188 2388 1431 2438 Pyrcnees:
1465 2401 1526 2436 νγ).
1554 2386 1726 2433 Caesar,

217 2442 267 2480 (le
284 2440 388 2480 Bell.
412 2441 522 2480 Gall.
544 2442 570 2480 i.
585 2443 617 2480 l.
658 2442 828 2493 Pyrene
851 2443 886 2481 is
903 2456 927 2481 a
945 2442 1133 2494 poetic-al
1156 2455 1282 2481 name
1302 2442 1370 2481 for
1392 2442 1467 2481 the
1482 2441 1726 2493 Pyrenees:

217 2509 280 2545 cp.
303 2494 559 2534 Herodotus
581 2496 625 2534 ii.
653 2498 716 2535 33.

272 2549 286 2571 2
316 2562 369 2588 sc.
392 2549 677 2589 Valentinian
695 2551 727 2589 I.
746 2550 833 2589 and
855 2551 922 2590 his
937 2564 1036 2591 sons
1050 2551 1236 2591 Gratiam
1257 2550 1341 2591 and
1361 2550 1646 2590 Valentinian
1664 2549 1725 2589 lI.

217 2603 315 2654 (the
335 2603 471 2644 latter
492 2604 600 2644 born
621 2606 696 2648 371
721 2608 848 2655 A.D.).

223 2683 318 2728 260
