<?xml version="1.0" encoding="UTF-8"?>
<!DOCTYPE html PUBLIC "-//W3C//DTD XHTML 1.0 Transitional//EN"
    "http://www.w3.org/TR/xhtml1/DTD/xhtml1-transitional.dtd">
<html xmlns="http://www.w3.org/1999/xhtml" xml:lang="en" lang="en">
 <head>
  <title>
</title>
<meta http-equiv="Content-Type" content="text/html;charset=utf-8" />
  <meta name='ocr-system' content='tesseract 3.04.00' />
  <meta name='ocr-capabilities' content='ocr_page ocr_carea ocr_par ocr_line ocrx_word'/>
</head>
<body>
  <div class='ocr_page' id='page_1' title='image "ausonius00auso_0240.png"; bbox 0 0 1871 3046; ppageno 0'>
   <div class='ocr_carea' id='block_1_1' title="bbox 761 190 1118 238">
    <p class='ocr_par' dir='ltr' id='par_1_1' title="bbox 761 190 1118 238">
     <span class='ocr_line' id='line_1_1' title="bbox 761 190 1118 238; baseline 0.006 -2"><span class='ocrx_word' id='word_1_1' title='bbox 761 190 1118 238; x_wconf 90' lang='lat' dir='ltr'>AUSONIUS</span> 
     </span>
    </p>
   </div>
   <div class='ocr_carea' id='block_1_2' title="bbox 670 364 1219 412">
    <p class='ocr_par' dir='ltr' id='par_1_2' title="bbox 670 364 1219 412">
     <span class='ocr_line' id='line_1_2' title="bbox 670 364 1219 412; baseline -0.004 0"><span class='ocrx_word' id='word_1_2' title='bbox 670 366 935 412; x_wconf 78' lang='lat' dir='ltr'>X.—-ITEM</span> <span class='ocrx_word' id='word_1_3' title='bbox 977 364 1219 410; x_wconf 81' lang='lat' dir='ltr'>DIST1CHA</span> 
     </span>
    </p>
   </div>
   <div class='ocr_carea' id='block_1_3' title="bbox 181 491 1705 2355">
    <p class='ocr_par' dir='ltr' id='par_1_3' title="bbox 181 491 1705 2355">
     <span class='ocr_line' id='line_1_3' title="bbox 185 491 1438 554; baseline -0.002 -16"><span class='ocrx_word' id='word_1_4' title='bbox 185 493 310 538; x_wconf 78' lang='lat' dir='ltr'><strong>IANE</strong></span> <span class='ocrx_word' id='word_1_5' title='bbox 336 508 480 549; x_wconf 88' lang='lat' dir='ltr'>nove,</span> <span class='ocrx_word' id='word_1_6' title='bbox 508 495 670 554; x_wconf 88' lang='lat' dir='ltr'>primo</span> <span class='ocrx_word' id='word_1_7' title='bbox 696 494 780 554; x_wconf 90' lang='lat' dir='ltr'>qui</span> <span class='ocrx_word' id='word_1_8' title='bbox 807 491 894 536; x_wconf 86' lang='lat' dir='ltr'>das</span> <span class='ocrx_word' id='word_1_9' title='bbox 919 496 1007 536; x_wconf 82' lang='lat' dir='ltr'>tua</span> <span class='ocrx_word' id='word_1_10' title='bbox 1032 492 1236 535; x_wconf 85' lang='lat' dir='ltr'>nomina</span> <span class='ocrx_word' id='word_1_11' title='bbox 1260 493 1438 547; x_wconf 88' lang='lat' dir='ltr'>mensi,</span> 
     </span>
     <span class='ocr_line' id='line_1_4' title="bbox 253 568 1410 632; baseline -0.002 -15"><span class='ocrx_word' id='word_1_12' title='bbox 253 571 374 617; x_wconf 89' lang='lat' dir='ltr'>Iane</span> <span class='ocrx_word' id='word_1_13' title='bbox 400 570 608 628; x_wconf 82' lang='lat' dir='ltr'>bifrons,</span> <span class='ocrx_word' id='word_1_14' title='bbox 630 577 827 632; x_wconf 78' lang='lat' dir='ltr'>spectas</span> <span class='ocrx_word' id='word_1_15' title='bbox 852 577 1083 632; x_wconf 89' lang='lat' dir='ltr'>tempora</span> <span class='ocrx_word' id='word_1_16' title='bbox 1108 570 1226 615; x_wconf 88' lang='lat' dir='ltr'>bina</span> <span class='ocrx_word' id='word_1_17' title='bbox 1251 568 1410 615; x_wconf 89' lang='lat' dir='ltr'>simul.</span> 
     </span>
     <span class='ocr_line' id='line_1_5' title="bbox 181 648 1362 711; baseline -0.003 -16"><span class='ocrx_word' id='word_1_18' title='bbox 181 656 296 711; x_wconf 89' lang='lat' dir='ltr'>post</span> <span class='ocrx_word' id='word_1_19' title='bbox 321 666 556 711; x_wconf 89' lang='lat' dir='ltr'>superum</span> <span class='ocrx_word' id='word_1_20' title='bbox 585 648 749 694; x_wconf 89' lang='lat' dir='ltr'>cultus</span> <span class='ocrx_word' id='word_1_21' title='bbox 776 651 938 694; x_wconf 88' lang='lat' dir='ltr'>vicino</span> <span class='ocrx_word' id='word_1_22' title='bbox 966 648 1163 694; x_wconf 88' lang='lat' dir='ltr'>Februa</span> <span class='ocrx_word' id='word_1_23' title='bbox 1186 663 1362 693; x_wconf 89' lang='lat' dir='ltr'>mense</span> 
     </span>
     <span class='ocr_line' id='line_1_6' title="bbox 251 724 1288 788; baseline -0.001 -15"><span class='ocrx_word' id='word_1_24' title='bbox 251 727 340 773; x_wconf 86' lang='lat' dir='ltr'>dat</span> <span class='ocrx_word' id='word_1_25' title='bbox 367 727 533 772; x_wconf 83' lang='lat' dir='ltr'>Numa</span> <span class='ocrx_word' id='word_1_26' title='bbox 559 730 787 788; x_wconf 88' lang='lat' dir='ltr'>cognatis</span> <span class='ocrx_word' id='word_1_27' title='bbox 814 726 1045 772; x_wconf 88' lang='lat' dir='ltr'>manibus</span> <span class='ocrx_word' id='word_1_28' title='bbox 1070 724 1288 772; x_wconf 85' lang='lat' dir='ltr'>inferias.</span> 
     </span>
     <span class='ocr_line' id='line_1_7' title="bbox 186 804 1699 866; baseline 0 -16"><span class='ocrx_word' id='word_1_29' title='bbox 186 805 400 851; x_wconf 83' lang='lat' dir='ltr'>Martius</span> <span class='ocrx_word' id='word_1_30' title='bbox 426 812 480 850; x_wconf 88' lang='lat' dir='ltr'>et</span> <span class='ocrx_word' id='word_1_31' title='bbox 504 808 706 866; x_wconf 87' lang='lat' dir='ltr'>generis</span> <span class='ocrx_word' id='word_1_32' title='bbox 736 805 944 850; x_wconf 84' lang='lat' dir='ltr'>Romani</span> <span class='ocrx_word' id='word_1_33' title='bbox 971 804 1169 866; x_wconf 85' lang='lat' dir='ltr'>praesul</span> <span class='ocrx_word' id='word_1_34' title='bbox 1198 810 1250 850; x_wconf 85' lang='lat' dir='ltr'>et</span> <span class='ocrx_word' id='word_1_35' title='bbox 1275 807 1413 862; x_wconf 84' lang='lat' dir='ltr'>anni,</span> <span class='ocrx_word' id='word_1_36' title='bbox 1672 805 1699 850; x_wconf 87' lang='lat'>5</span> 
     </span>
     <span class='ocr_line' id='line_1_8' title="bbox 252 882 1358 944; baseline 0 -16"><span class='ocrx_word' id='word_1_37' title='bbox 252 886 413 944; x_wconf 90' lang='lat' dir='ltr'>prima</span> <span class='ocrx_word' id='word_1_38' title='bbox 438 882 591 929; x_wconf 84' lang='lat' dir='ltr'>dabas</span> <span class='ocrx_word' id='word_1_39' title='bbox 619 882 776 929; x_wconf 87' lang='lat' dir='ltr'>Latiis</span> <span class='ocrx_word' id='word_1_40' title='bbox 802 890 1032 944; x_wconf 83' lang='lat' dir='ltr'>tempora</span> <span class='ocrx_word' id='word_1_41' title='bbox 1058 882 1358 929; x_wconf 86' lang='lat' dir='ltr'>consulibus.</span> 
     </span>
     <span class='ocr_line' id='line_1_9' title="bbox 185 960 1341 1023; baseline -0.002 -16"><span class='ocrx_word' id='word_1_42' title='bbox 185 960 487 1007; x_wconf 83' lang='lat' dir='ltr'><strong>Aeneadum</strong></span> <span class='ocrx_word' id='word_1_43' title='bbox 512 964 748 1023; x_wconf 76' lang='lat' dir='ltr'>genetrix</span> <span class='ocrx_word' id='word_1_44' title='bbox 776 964 939 1006; x_wconf 87' lang='lat' dir='ltr'>vicino</span> <span class='ocrx_word' id='word_1_45' title='bbox 964 976 1152 1007; x_wconf 88' lang='lat' dir='ltr'>nomen</span> <span class='ocrx_word' id='word_1_46' title='bbox 1178 960 1341 1022; x_wconf 85' lang='lat' dir='ltr'>Aprili</span> 
     </span>
     <span class='ocr_line' id='line_1_10' title="bbox 253 1038 1631 1101; baseline -0.001 -16"><span class='ocrx_word' id='word_1_47' title='bbox 253 1039 342 1085; x_wconf 87' lang='lat' dir='ltr'>das</span> <span class='ocrx_word' id='word_1_48' title='bbox 369 1039 570 1085; x_wconf 86' lang='lat' dir='ltr'>Venus:</span> <span class='ocrx_word' id='word_1_49' title='bbox 609 1045 687 1085; x_wconf 85' lang='lat' dir='ltr'>est</span> <span class='ocrx_word' id='word_1_50' title='bbox 715 1039 868 1085; x_wconf 88' lang='lat' dir='ltr'>Marti</span> <span class='ocrx_word' id='word_1_51' title='bbox 895 1055 1113 1101; x_wconf 90' lang='lat' dir='ltr'>namque</span> <span class='ocrx_word' id='word_1_52' title='bbox 1139 1038 1423 1100; x_wconf 86' lang='lat' dir='ltr'>Aphrodita</span> <span class='ocrx_word' id='word_1_53' title='bbox 1451 1055 1631 1085; x_wconf 85' lang='lat' dir='ltr'>comes.</span> 
     </span>
     <span class='ocr_line' id='line_1_11' title="bbox 190 1116 1414 1175; baseline 0.001 -13"><span class='ocrx_word' id='word_1_54' title='bbox 190 1117 322 1163; x_wconf 84' lang='lat' dir='ltr'>Maia</span> <span class='ocrx_word' id='word_1_55' title='bbox 347 1117 458 1175; x_wconf 92' lang='lat' dir='ltr'>dea,</span> <span class='ocrx_word' id='word_1_56' title='bbox 483 1134 548 1162; x_wconf 87' lang='lat' dir='ltr'>an</span> <span class='ocrx_word' id='word_1_57' title='bbox 576 1121 734 1163; x_wconf 89' lang='lat' dir='ltr'>maior</span> <span class='ocrx_word' id='word_1_58' title='bbox 762 1117 953 1163; x_wconf 85' lang='lat' dir='ltr'>Maium</span> <span class='ocrx_word' id='word_1_59' title='bbox 978 1123 1030 1163; x_wconf 91' lang='lat' dir='ltr'>te</span> <span class='ocrx_word' id='word_1_60' title='bbox 1056 1116 1237 1163; x_wconf 82' lang='lat' dir='ltr'>fecerit</span> <span class='ocrx_word' id='word_1_61' title='bbox 1261 1123 1414 1174; x_wconf 84' lang='lat' dir='ltr'>aetas,</span> 
     </span>
     <span class='ocr_line' id='line_1_12' title="bbox 255 1195 1703 1258; baseline -0.001 -17"><span class='ocrx_word' id='word_1_62' title='bbox 255 1196 457 1258; x_wconf 85' lang='lat' dir='ltr'>ambigo</span> <span class='ocrx_word' id='word_1_63' title='bbox 477 1212 488 1251; x_wconf 90' lang='lat'>;</span> <span class='ocrx_word' id='word_1_64' title='bbox 525 1196 615 1242; x_wconf 91' lang='lat' dir='ltr'>sed</span> <span class='ocrx_word' id='word_1_65' title='bbox 640 1199 803 1242; x_wconf 89' lang='lat' dir='ltr'>mensi</span> <span class='ocrx_word' id='word_1_66' title='bbox 829 1202 907 1242; x_wconf 88' lang='lat' dir='ltr'>est</span> <span class='ocrx_word' id='word_1_67' title='bbox 932 1201 1106 1241; x_wconf 87' lang='lat' dir='ltr'>auctor</span> <span class='ocrx_word' id='word_1_68' title='bbox 1131 1202 1347 1258; x_wconf 90' lang='lat' dir='ltr'>uterque</span> <span class='ocrx_word' id='word_1_69' title='bbox 1372 1196 1546 1241; x_wconf 88' lang='lat' dir='ltr'>bonus.</span> <span class='ocrx_word' id='word_1_70' title='bbox 1643 1195 1703 1241; x_wconf 88' lang='lat'>10</span> 
     </span>
     <span class='ocr_line' id='line_1_13' title="bbox 189 1273 1589 1336; baseline -0.001 -17"><span class='ocrx_word' id='word_1_71' title='bbox 189 1273 363 1320; x_wconf 89' lang='lat' dir='ltr'>Iunius</span> <span class='ocrx_word' id='word_1_72' title='bbox 388 1274 525 1319; x_wconf 90' lang='lat' dir='ltr'>hunc</span> <span class='ocrx_word' id='word_1_73' title='bbox 551 1277 780 1336; x_wconf 88' lang='lat' dir='ltr'>sequitur</span> <span class='ocrx_word' id='word_1_74' title='bbox 805 1273 995 1335; x_wconf 83' lang='lat' dir='ltr'>duplici</span> <span class='ocrx_word' id='word_1_75' title='bbox 1022 1273 1354 1320; x_wconf 85' lang='lat' dir='ltr'>celebrandus</span> <span class='ocrx_word' id='word_1_76' title='bbox 1380 1274 1589 1331; x_wconf 79' lang='lat' dir='ltr'>honore,</span> 
     </span>
     <span class='ocr_line' id='line_1_14' title="bbox 256 1351 1268 1399; baseline -0.001 0"><span class='ocrx_word' id='word_1_77' title='bbox 256 1370 344 1399; x_wconf 87' lang='lat' dir='ltr'>seu</span> <span class='ocrx_word' id='word_1_78' title='bbox 370 1369 555 1398; x_wconf 88' lang='lat' dir='ltr'>nomen</span> <span class='ocrx_word' id='word_1_79' title='bbox 585 1352 712 1398; x_wconf 92' lang='lat' dir='ltr'>Iuno</span> <span class='ocrx_word' id='word_1_80' title='bbox 738 1355 841 1399; x_wconf 87' lang='lat' dir='ltr'>sive</span> <span class='ocrx_word' id='word_1_81' title='bbox 870 1352 1086 1398; x_wconf 87' lang='lat' dir='ltr'>Iuventa</span> <span class='ocrx_word' id='word_1_82' title='bbox 1112 1351 1268 1398; x_wconf 91' lang='lat' dir='ltr'>dedit.</span> 
     </span>
     <span class='ocr_line' id='line_1_15' title="bbox 187 1433 1258 1496; baseline -0.002 -16"><span class='ocrx_word' id='word_1_83' title='bbox 187 1434 307 1480; x_wconf 89' lang='lat' dir='ltr'>inde</span> <span class='ocrx_word' id='word_1_84' title='bbox 335 1435 563 1480; x_wconf 86' lang='lat' dir='ltr'>Dionaeo</span> <span class='ocrx_word' id='word_1_85' title='bbox 589 1433 915 1496; x_wconf 81' lang='lat' dir='ltr'>praefulgens</span> <span class='ocrx_word' id='word_1_86' title='bbox 942 1433 1099 1479; x_wconf 86' lang='lat' dir='ltr'>Iulius</span> <span class='ocrx_word' id='word_1_87' title='bbox 1124 1439 1258 1479; x_wconf 88' lang='lat' dir='ltr'>astro</span> 
     </span>
     <span class='ocr_line' id='line_1_16' title="bbox 256 1513 1293 1574; baseline -0.001 -16"><span class='ocrx_word' id='word_1_88' title='bbox 256 1516 463 1560; x_wconf 86' lang='lat' dir='ltr'>aestatis</span> <span class='ocrx_word' id='word_1_89' title='bbox 486 1513 686 1559; x_wconf 86' lang='lat' dir='ltr'>mediae</span> <span class='ocrx_word' id='word_1_90' title='bbox 712 1519 943 1574; x_wconf 89' lang='lat' dir='ltr'>tempora</span> <span class='ocrx_word' id='word_1_91' title='bbox 970 1519 1109 1558; x_wconf 88' lang='lat' dir='ltr'>certa</span> <span class='ocrx_word' id='word_1_92' title='bbox 1133 1518 1293 1558; x_wconf 90' lang='lat' dir='ltr'>tenet.</span> 
     </span>
     <span class='ocr_line' id='line_1_17' title="bbox 189 1590 1702 1654; baseline -0.001 -16"><span class='ocrx_word' id='word_1_93' title='bbox 189 1591 450 1654; x_wconf 88' lang='lat' dir='ltr'>Augustus</span> <span class='ocrx_word' id='word_1_94' title='bbox 477 1594 705 1654; x_wconf 87' lang='lat' dir='ltr'>sequitur</span> <span class='ocrx_word' id='word_1_95' title='bbox 730 1597 1002 1653; x_wconf 87' lang='lat' dir='ltr'>cognatum</span> <span class='ocrx_word' id='word_1_96' title='bbox 1028 1607 1057 1635; x_wconf 88' lang='lat' dir='ltr'>a</span> <span class='ocrx_word' id='word_1_97' title='bbox 1082 1590 1292 1636; x_wconf 83' lang='lat' dir='ltr'>Caesare</span> <span class='ocrx_word' id='word_1_98' title='bbox 1319 1606 1521 1648; x_wconf 88' lang='lat' dir='ltr'>nomen,</span> <span class='ocrx_word' id='word_1_99' title='bbox 1643 1592 1702 1636; x_wconf 81' lang='lat'>15</span> 
     </span>
     <span class='ocr_line' id='line_1_18' title="bbox 257 1670 1294 1733; baseline -0.001 -17"><span class='ocrx_word' id='word_1_100' title='bbox 257 1670 433 1716; x_wconf 85' lang='lat' dir='ltr'>ordine</span> <span class='ocrx_word' id='word_1_101' title='bbox 460 1673 528 1716; x_wconf 89' lang='lat' dir='ltr'>sic</span> <span class='ocrx_word' id='word_1_102' title='bbox 554 1673 674 1715; x_wconf 85' lang='lat' dir='ltr'>anni</span> <span class='ocrx_word' id='word_1_103' title='bbox 699 1673 969 1733; x_wconf 85' lang='lat' dir='ltr'>proximus,</span> <span class='ocrx_word' id='word_1_104' title='bbox 996 1676 1054 1716; x_wconf 91' lang='lat' dir='ltr'>ut</span> <span class='ocrx_word' id='word_1_105' title='bbox 1079 1672 1294 1731; x_wconf 84' lang='lat' dir='ltr'>generis.</span> 
     </span>
     <span class='ocr_line' id='line_1_19' title="bbox 189 1747 1670 1811; baseline 0 -15"><span class='ocrx_word' id='word_1_106' title='bbox 189 1756 468 1797; x_wconf 85' lang='lat' dir='ltr'>nectuntur</span> <span class='ocrx_word' id='word_1_107' title='bbox 492 1755 608 1811; x_wconf 88' lang='lat' dir='ltr'>post</span> <span class='ocrx_word' id='word_1_108' title='bbox 632 1748 722 1795; x_wconf 89' lang='lat' dir='ltr'>hos</span> <span class='ocrx_word' id='word_1_109' title='bbox 749 1764 1118 1811; x_wconf 86' lang='lat' dir='ltr'>numerumque</span> <span class='ocrx_word' id='word_1_110' title='bbox 1147 1764 1208 1794; x_wconf 85' lang='lat' dir='ltr'>ex</span> <span class='ocrx_word' id='word_1_111' title='bbox 1235 1747 1411 1794; x_wconf 88' lang='lat' dir='ltr'>ordine</span> <span class='ocrx_word' id='word_1_112' title='bbox 1437 1751 1670 1810; x_wconf 84' lang='lat' dir='ltr'>signant:</span> 
     </span>
     <span class='ocr_line' id='line_1_20' title="bbox 259 1826 1435 1890; baseline -0.003 -15"><span class='ocrx_word' id='word_1_113' title='bbox 259 1827 580 1890; x_wconf 76' lang='lat' dir='ltr'>September,</span> <span class='ocrx_word' id='word_1_114' title='bbox 608 1827 792 1873; x_wconf 88' lang='lat' dir='ltr'>Bacchi</span> <span class='ocrx_word' id='word_1_115' title='bbox 817 1843 1028 1873; x_wconf 91' lang='lat' dir='ltr'>munere</span> <span class='ocrx_word' id='word_1_116' title='bbox 1055 1826 1225 1889; x_wconf 84' lang='lat' dir='ltr'>praela</span> <span class='ocrx_word' id='word_1_117' title='bbox 1249 1830 1435 1888; x_wconf 88' lang='lat' dir='ltr'>rigans,</span> 
     </span>
     <span class='ocr_line' id='line_1_21' title="bbox 191 1904 1417 1970; baseline -0.002 -17"><span class='ocrx_word' id='word_1_118' title='bbox 191 1913 244 1954; x_wconf 87' lang='lat' dir='ltr'>et</span> <span class='ocrx_word' id='word_1_119' title='bbox 270 1910 355 1970; x_wconf 91' lang='lat' dir='ltr'>qui</span> <span class='ocrx_word' id='word_1_120' title='bbox 381 1909 625 1952; x_wconf 85' lang='lat' dir='ltr'>sementis</span> <span class='ocrx_word' id='word_1_121' title='bbox 649 1923 741 1968; x_wconf 87' lang='lat' dir='ltr'>per</span> <span class='ocrx_word' id='word_1_122' title='bbox 765 1912 997 1968; x_wconf 85' lang='lat' dir='ltr'>tempora</span> <span class='ocrx_word' id='word_1_123' title='bbox 1022 1904 1228 1951; x_wconf 88' lang='lat' dir='ltr'>faenore</span> <span class='ocrx_word' id='word_1_124' title='bbox 1256 1904 1417 1951; x_wconf 87' lang='lat' dir='ltr'>laetus</span> 
     </span>
     <span class='ocr_line' id='line_1_22' title="bbox 259 1983 1705 2046; baseline -0.001 -16"><span class='ocrx_word' id='word_1_125' title='bbox 259 1984 486 2031; x_wconf 84' lang='lat' dir='ltr'>October</span> <span class='ocrx_word' id='word_1_126' title='bbox 512 1983 682 2046; x_wconf 89' lang='lat' dir='ltr'>cupidi</span> <span class='ocrx_word' id='word_1_127' title='bbox 707 2000 849 2045; x_wconf 90' lang='lat' dir='ltr'>spem</span> <span class='ocrx_word' id='word_1_128' title='bbox 875 1983 1015 2029; x_wconf 82' lang='lat' dir='ltr'>fovet</span> <span class='ocrx_word' id='word_1_129' title='bbox 1039 1983 1305 2045; x_wconf 83' lang='lat' dir='ltr'>agricolae,</span> <span class='ocrx_word' id='word_1_130' title='bbox 1643 1983 1705 2029; x_wconf 81' lang='lat'>20</span> 
     </span>
     <span class='ocr_line' id='line_1_23' title="bbox 190 2062 1540 2126; baseline -0.002 -17"><span class='ocrx_word' id='word_1_131' title='bbox 190 2067 377 2126; x_wconf 91' lang='lat' dir='ltr'>quique</span> <span class='ocrx_word' id='word_1_132' title='bbox 403 2062 506 2108; x_wconf 90' lang='lat' dir='ltr'>salo</span> <span class='ocrx_word' id='word_1_133' title='bbox 531 2078 767 2123; x_wconf 85' lang='lat' dir='ltr'>mergens</span> <span class='ocrx_word' id='word_1_134' title='bbox 794 2062 1057 2108; x_wconf 84' lang='lat' dir='ltr'>sollemnia</span> <span class='ocrx_word' id='word_1_135' title='bbox 1082 2065 1225 2123; x_wconf 86' lang='lat' dir='ltr'>signa</span> <span class='ocrx_word' id='word_1_136' title='bbox 1250 2062 1540 2107; x_wconf 88' lang='lat' dir='ltr'>November</span> 
     </span>
     <span class='ocr_line' id='line_1_24' title="bbox 258 2139 1258 2203; baseline -0.002 -16"><span class='ocrx_word' id='word_1_137' title='bbox 258 2144 575 2203; x_wconf 87' lang='lat' dir='ltr'>praecipitat,</span> <span class='ocrx_word' id='word_1_138' title='bbox 603 2140 742 2186; x_wconf 90' lang='lat' dir='ltr'>caelo</span> <span class='ocrx_word' id='word_1_139' title='bbox 767 2157 882 2185; x_wconf 81' lang='lat' dir='ltr'>mox</span> <span class='ocrx_word' id='word_1_140' title='bbox 908 2139 1132 2186; x_wconf 86' lang='lat' dir='ltr'>reditura</span> <span class='ocrx_word' id='word_1_141' title='bbox 1158 2156 1258 2185; x_wconf 90' lang='lat' dir='ltr'>suo.</span> 
     </span>
     <span class='ocr_line' id='line_1_25' title="bbox 190 2217 1503 2280; baseline -0.003 -14"><span class='ocrx_word' id='word_1_142' title='bbox 190 2219 498 2266; x_wconf 88' lang='lat' dir='ltr'>concludens</span> <span class='ocrx_word' id='word_1_143' title='bbox 524 2235 791 2265; x_wconf 89' lang='lat' dir='ltr'>numerum</span> <span class='ocrx_word' id='word_1_144' title='bbox 817 2218 1035 2280; x_wconf 87' lang='lat' dir='ltr'>genialia</span> <span class='ocrx_word' id='word_1_145' title='bbox 1059 2217 1189 2263; x_wconf 87' lang='lat' dir='ltr'>festa</span> <span class='ocrx_word' id='word_1_146' title='bbox 1216 2217 1503 2263; x_wconf 89' lang='lat' dir='ltr'>December</span> 
     </span>
     <span class='ocr_line' id='line_1_26' title="bbox 259 2297 1355 2355; baseline -0.003 -12"><span class='ocrx_word' id='word_1_147' title='bbox 259 2297 385 2355; x_wconf 88' lang='lat' dir='ltr'>finit,</span> <span class='ocrx_word' id='word_1_148' title='bbox 412 2304 469 2343; x_wconf 88' lang='lat' dir='ltr'>ut</span> <span class='ocrx_word' id='word_1_149' title='bbox 494 2314 521 2342; x_wconf 92' lang='lat' dir='ltr'>a</span> <span class='ocrx_word' id='word_1_150' title='bbox 547 2297 722 2342; x_wconf 88' lang='lat' dir='ltr'>bruma</span> <span class='ocrx_word' id='word_1_151' title='bbox 748 2313 863 2342; x_wconf 85' lang='lat' dir='ltr'>mox</span> <span class='ocrx_word' id='word_1_152' title='bbox 890 2312 1046 2341; x_wconf 87' lang='lat' dir='ltr'>novus</span> <span class='ocrx_word' id='word_1_153' title='bbox 1072 2312 1233 2341; x_wconf 86' lang='lat' dir='ltr'>annus</span> <span class='ocrx_word' id='word_1_154' title='bbox 1260 2302 1355 2342; x_wconf 85' lang='lat' dir='ltr'>eat.</span> 
     </span>
    </p>
   </div>
   <div class='ocr_carea' id='block_1_4' title="bbox 197 2397 1700 2402">
    <p class='ocr_par' dir='ltr' id='par_1_4' title="bbox 197 2397 1700 2402">
     <span class='ocr_line' id='line_1_27' title="bbox 197 2397 1700 2402; baseline 0 0"><span class='ocrx_word' id='word_1_155' title='bbox 197 2397 1700 2402; x_wconf 95' lang='lat' dir='ltr'> </span> 
     </span>
    </p>
   </div>
   <div class='ocr_carea' id='block_1_5' title="bbox 192 2436 1703 2547">
    <p class='ocr_par' dir='ltr' id='par_1_5' title="bbox 192 2436 1703 2547">
     <span class='ocr_line' id='line_1_28' title="bbox 249 2436 1703 2490; baseline -0.002 -12"><span class='ocrx_word' id='word_1_156' title='bbox 249 2440 265 2464; x_wconf 81' lang='lat'>1</span> <span class='ocrx_word' id='word_1_157' title='bbox 295 2439 364 2478; x_wconf 83' lang='lat' dir='ltr'>i.e.</span> <span class='ocrx_word' id='word_1_158' title='bbox 389 2438 464 2478; x_wconf 79' lang='lat' dir='ltr'>the</span> <span class='ocrx_word' id='word_1_159' title='bbox 497 2442 640 2477; x_wconf 82' lang='lat' dir='ltr'>comet</span> <span class='ocrx_word' id='word_1_160' title='bbox 659 2438 805 2483; x_wconf 67' lang='lat' dir='ltr'>which</span> <span class='ocrx_word' id='word_1_161' title='bbox 835 2436 1057 2489; x_wconf 84' lang='lat' dir='ltr'>appeared</span> <span class='ocrx_word' id='word_1_162' title='bbox 1087 2436 1248 2490; x_wconf 85' lang='lat' dir='ltr'>during</span> <span class='ocrx_word' id='word_1_163' title='bbox 1269 2437 1464 2478; x_wconf 84' lang='lat' dir='ltr'>Caesar’s</span> <span class='ocrx_word' id='word_1_164' title='bbox 1493 2437 1703 2489; x_wconf 85' lang='lat' dir='ltr'>funerary</span> 
     </span>
     <span class='ocr_line' id='line_1_29' title="bbox 192 2491 1699 2547; baseline -0.002 -14"><span class='ocrx_word' id='word_1_165' title='bbox 192 2507 340 2547; x_wconf 85' lang='lat' dir='ltr'>games</span> <span class='ocrx_word' id='word_1_166' title='bbox 371 2496 458 2542; x_wconf 83' lang='lat' dir='ltr'>(see</span> <span class='ocrx_word' id='word_1_167' title='bbox 479 2492 599 2533; x_wconf 78' lang='lat' dir='ltr'>Suet.</span> <span class='ocrx_word' id='word_1_168' title='bbox 627 2493 788 2542; x_wconf 67' lang='lat' dir='ltr'>Julius,</span> <span class='ocrx_word' id='word_1_169' title='bbox 815 2493 945 2542; x_wconf 78' lang='lat'>§88);</span> <span class='ocrx_word' id='word_1_170' title='bbox 978 2493 1014 2531; x_wconf 74' lang='lat' dir='ltr'>it</span> <span class='ocrx_word' id='word_1_171' title='bbox 1045 2505 1134 2531; x_wconf 83' lang='lat' dir='ltr'>was</span> <span class='ocrx_word' id='word_1_172' title='bbox 1165 2505 1212 2531; x_wconf 88' lang='lat' dir='ltr'>so</span> <span class='ocrx_word' id='word_1_173' title='bbox 1241 2492 1383 2532; x_wconf 84' lang='lat' dir='ltr'>called</span> <span class='ocrx_word' id='word_1_174' title='bbox 1414 2492 1527 2532; x_wconf 84' lang='lat' dir='ltr'>from</span> <span class='ocrx_word' id='word_1_175' title='bbox 1545 2491 1699 2540; x_wconf 89' lang='lat' dir='ltr'>Dione,</span> 
     </span>
    </p>
   </div>
   <div class='ocr_carea' id='block_1_6' title="bbox 201 2674 292 2731">
    <p class='ocr_par' dir='ltr' id='par_1_6' title="bbox 201 2674 292 2731">
     <span class='ocr_line' id='line_1_30' title="bbox 201 2674 292 2731; baseline -0.011 -12"><span class='ocrx_word' id='word_1_176' title='bbox 201 2674 292 2731; x_wconf 84' lang='lat'>184</span> 
     </span>
    </p>
   </div>
  </div>
 </body>
</html>
