1871 3046
784 207 1141 256 AUSONIUS

212 357 330 386 cura
353 340 530 386 domus
556 343 796 402 sequitur,
822 345 1135 385 mercantem
1161 341 1200 384 si
1224 353 1353 383 nova
1377 352 1578 399 semper

213 418 397 464 damna
421 425 649 476 manent,
674 435 868 465 cessare
894 424 1035 464 vetat
1061 421 1101 463 si
1126 419 1286 478 turpis
1314 422 1544 478 egestas;

211 501 251 543 si
278 504 426 544 vexat
450 497 590 543 labor
614 497 900 560 agricolam,
926 513 1062 542 mare
1088 494 1360 556 naufragus
1387 494 1561 540 horror
1697 506 1725 538 O

213 575 443 634 infamat,
463 593 758 639 poenaeque
784 592 961 638 graves
987 578 1040 620 in
1066 573 1257 620 caelibe
1282 577 1385 619 vita

213 661 267 700 et
292 658 495 716 gravior
521 657 679 700 cautis
706 653 933 699 custodia
958 670 1085 698 vana
1109 655 1331 707 maritis3

211 735 546 793 sanguineum
575 736 613 777 si
643 732 822 777 Martis
848 747 990 793 opus,
1018 734 1057 777 si
1082 734 1250 792 turpia
1275 730 1413 776 lucra

214 810 433 855 faenoris
460 816 513 855 et
538 809 684 855 velox
710 812 886 871 inopes
912 825 1061 855 usura
1086 808 1339 855 trucidat?

214 903 364 933 omne
390 904 570 933 aevum
596 904 760 945 curae,
788 890 983 933 cunctis
1009 904 1097 933 sua
1121 887 1358 949 displicet
1382 893 1534 935 aetas.
1671 886 1730 932 10

214 982 390 1011 sensus
416 967 561 1012 abest
586 969 750 1028 parvis
775 966 1098 1023 lactantibus,
1127 973 1180 1012 et
1206 982 1477 1027 puerorum

218 1043 343 1089 dura
367 1043 675 1099 rudimenta,
704 1050 756 1090 et
782 1046 1022 1089 iuvenum
1050 1047 1315 1090 temeraria
1340 1044 1513 1105 pubes.

215 1122 442 1168 adflictat
467 1122 671 1168 fortuna
697 1126 825 1168 viros
852 1139 942 1184 per
966 1122 1115 1180 bella,
1143 1139 1234 1184 per
1259 1139 1463 1185 aequor,

216 1204 414 1264 irasque
442 1201 749 1263 insidiasque
777 1207 1140 1264 catenatosque
1160 1201 1357 1247 labores
1376 1201 1396 1230 1

216 1279 486 1326 mutandos
513 1296 714 1342 semper
740 1281 1061 1341 gravioribus.
1136 1284 1243 1342 ipsa
1270 1287 1506 1327 senectus
1672 1281 1731 1326 15

219 1365 491 1420 expectata
516 1358 601 1404 diu
632 1362 859 1420 votisque
886 1365 1061 1420 optata
1086 1358 1320 1420 malignis

216 1438 372 1483 obicit
399 1440 678 1484 innumeris
704 1454 882 1499 corpus
906 1437 1175 1483 lacerabile
1202 1439 1402 1483 morbis.

220 1519 504 1578 spernimus
525 1519 575 1560 in
598 1532 864 1562 commune
887 1532 1062 1562 omnes
1081 1520 1369 1577 praesentia
1388 1532 1399 1571 3
1425 1516 1667 1579 quosdam

223 1600 425 1641 constat
450 1594 586 1640 nolle
613 1594 735 1640 deos
761 1594 880 1640 fieri.
958 1595 1169 1641 Iuturna
1195 1595 1466 1641 reclamat:

221 1677 361 1735 “quo
378 1676 533 1719 vitam
551 1672 697 1719 dedit
713 1674 1003 1719 aeternam?
1021 1690 1109 1719 cur
1123 1677 1298 1719 mortis
1315 1673 1554 1736 adempta
1571 1680 1648 1721 est
1675 1673 1737 1720 20

219 1751 482 1797 condicio?
504 1750 529 1765 ''
605 1755 673 1797 sic
701 1751 950 1797 Caucasea
976 1753 1068 1798 sub
1093 1769 1216 1814 rupe
1246 1752 1577 1799 Prometheus

218 1835 438 1875 testatur
465 1829 859 1892 Saturnigenam
886 1846 980 1876 nec
1006 1834 1212 1876 nomine
1239 1838 1403 1877 cessat

220 1910 448 1954 incusare
476 1908 667 1966 Iovem,
693 1908 811 1954 data
837 1912 901 1955 sit
928 1909 1063 1971 quod
1089 1912 1191 1955 vita
1216 1913 1467 1971 perennis.

220 1990 413 2048 respice
441 1993 493 2032 et
519 1986 582 2032 ad
608 1987 774 2033 cultus
800 1991 969 2033 animi.
1045 1991 1115 2033 sic
1141 2004 1326 2049 nempe
1352 1988 1593 2049 pudicum

221 2065 447 2127 perdidit
474 2065 816 2128 Hippolytum
841 2083 944 2112 non
970 2065 1091 2111 felix
1119 2083 1235 2111 cura
1261 2066 1477 2128 pudoris.
1673 2067 1735 2112 25

223 2159 251 2189 e
278 2150 453 2189 contra
478 2143 746 2190 inlecebris
772 2144 1077 2190 maculosam
1103 2143 1292 2206 degere
1320 2148 1472 2191 vitam

224 2237 376 2283 quem
403 2224 556 2278 iuvat,
582 2221 828 2284 adspiciat
853 2238 1041 2284 poenas
1067 2228 1121 2269 et
1147 2226 1355 2268 crimina
1381 2240 1575 2285 regum,

226 2302 414 2349 Tereos
440 2306 623 2349 incesti
648 2303 725 2349 vel
753 2303 917 2349 mollis
944 2303 1303 2366 Sardanapalli.

226 2380 489 2442 perfidiam
514 2384 672 2427 vitare
697 2388 910 2428 monent
934 2385 1030 2427 tria
1059 2382 1247 2427 Punica
1273 2382 1436 2438 bella3

224 2465 304 2505 set
329 2459 568 2521 prohibet
593 2476 793 2507 servare
820 2459 970 2506 fidem
998 2461 1169 2507 deleta
1200 2461 1465 2524 Saguntos.
1677 2462 1739 2507 30

609 2603 622 2627 ¹
654 2617 717 2655 cp.
741 2604 939 2653 Martial,
964 2605 1116 2656 Epiyr.
1144 2618 1172 2646 Ι.
1201 2620 1270 2647 xv,
1299 2608 1337 2650 7.

234 2681 327 2739 164
