1871 3046
834 197 1191 246 AUSONIUS

1739 326 1764 345 '-

1747 339 1759 375 d

254 420 489 467 lintribus
514 424 565 466 in
591 423 807 483 geminis
834 426 1117 466 constratus
1144 425 1301 481 ponto
1328 422 1392 465 sit
1416 435 1481 464 an
1507 419 1667 480 pons?
1710 417 1769 463 10

256 334 540 393 imperium,
565 330 725 388 litem,
755 347 991 377 venerem
1018 347 1105 376 cur
1130 347 1230 376 una
1255 335 1401 376 notat
1427 330 1540 375 res?

254 509 488 555 Bucolico
515 525 693 572 saepes
725 509 855 556 dixit
884 508 1042 566 Maro,
1070 524 1157 554 cur
1184 507 1358 554 Cicero
1385 508 1566 569 saeps?

256 615 350 645 vox
375 598 522 646 solita
548 606 601 645 e’c
627 602 822 645 cunctis
847 601 1123 654 notissima,
1151 600 1188 643 si
1215 613 1482 654 memores,
1506 596 1583 641 lac

255 704 342 734 eur
368 687 753 745 condemnatur,
779 691 906 734 ratio
930 690 1090 749 magis
1117 693 1173 733 ut
1197 685 1351 732 faciat
1374 685 1513 731 lact?

255 793 335 833 an,
363 775 552 838 Libyae
577 775 736 823 ferale
761 776 967 833 malum,
993 780 1058 823 sit
1086 775 1297 822 Romula
1322 792 1418 821 vox
1445 776 1594 837 seps?

258 868 297 910 si
323 865 485 910 bonus
511 870 589 911 est
613 867 784 912 insons
811 868 1089 912 contrarius
1116 872 1168 912 et
1194 881 1324 922 reus,
1351 871 1430 911 est
1455 864 1606 910 sons?
1712 863 1772 909 15

258 952 398 999 dives
423 970 577 1016 opum
603 970 690 1000 cur
714 970 903 1001 nomen
927 954 1085 1001 habet
1112 954 1231 1001 Iove
1256 953 1322 1000 de
1349 956 1515 1016 stygio
1541 952 1652 999 dis?

259 1042 395 1089 unde
426 1043 652 1090 Rudinus
678 1046 749 1089 ait
775 1049 806 1070 “
822 1043 995 1089 divum
1022 1043 1199 1090 domus
1225 1043 1495 1089 altisonum
1523 1041 1666 1088 cael''
1682 1042 1727 1087 ?1

259 1139 314 1179 et
340 1136 480 1179 cuius
506 1132 570 1180 de
596 1149 751 1190 more,
779 1132 913 1196 quod
939 1132 1153 1190 addidit,
1181 1137 1212 1159 “
1228 1131 1360 1179 endo
1386 1148 1526 1179 suam
1551 1130 1716 1177 do'’?2

259 1230 362 1281 aut,
391 1223 454 1269 de
481 1223 661 1270 fronde
686 1224 917 1287 loquens,
942 1240 1029 1270 cur
1054 1223 1178 1270 dicit
1204 1228 1234 1250 “
1251 1223 1468 1285 populea
1492 1222 1693 1268 f1·0s’'?3

328 1311 430 1359 Sed
455 1329 554 1375 quo
580 1312 909 1375 progredior?
971 1328 1098 1376 quae
1126 1312 1252 1370 finis,
1279 1315 1389 1376 quis
1414 1312 1593 1358 modus
1619 1318 1673 1358 et

397 1401 506 1448 calx
525 1404 542 1448 ?
1715 1401 1776 1447 20

259 1491 487 1554 indulge,
515 1492 697 1540 Pacate
723 1494 902 1551 bonus,
927 1493 1122 1550 doctus,
1148 1492 1308 1539 facilis
1335 1495 1435 1548 vii-3

259 1588 427 1628 totum
443 1599 568 1645 opus
584 1583 679 1629 hoc
697 1599 940 1646 sparsum,
958 1586 1107 1629 crinis
1127 1582 1268 1629 velut
1287 1581 1585 1645 Antiphilae
1606 1597 1616 1627 t
1642 1581 1778 1644 pax.4

316 1689 328 1713 1
361 1690 544 1739 Ennius,
569 1691 764 1731 Annales
787 1692 866 1738 (ecl.
895 1692 1092 1743 Muller),
1117 1691 1225 1744 frag.
1254 1691 1298 1730 li.

316 1745 332 1769 2
362 1745 420 1784 id.
447 1745 556 1798 frag.
583 1746 611 1785 1.
783 1746 798 1770 3
828 1746 886 1786 id.
913 1747 1022 1799 frag.
1049 1747 1199 1786 xxxiv.

311 1799 327 1823 ⁴
356 1799 560 1847 Terence,
585 1801 744 1841 Herma.
773 1802 852 1841 289
874 1801 924 1841 f.:
957 1801 1143 1853 capillus
1165 1814 1319 1853 passus
1348 1800 1518 1853 prolixe
1540 1804 1585 1839 et
1607 1799 1772 1839 circum

259 1858 394 1906 caput
416 1855 625 1895 Reiectus
646 1856 951 1908 neclegentem
982 1870 1080 1908 an.

314 1965 331 1989 ¹
362 1964 451 2003 The
488 1964 659 2004 French
691 1964 844 2015 affaire
877 1977 1015 2004 seems
1047 1963 1202 2016 nearly
1234 1963 1446 2016 parallel:
1479 1962 1547 2001 for
1576 1962 1775 2001 remim-

265 2020 450 2071 perium,
477 2019 616 2067 litem,
642 2019 876 2067 Venerem,
910 2032 973 2070 cp.
1002 2018 1059 2068 (1)
1084 2033 1123 2058 x.
1154 2020 1201 2062 17
1225 2018 1398 2068 (above)
1419 2032 1430 2065 3
1463 2017 1524 2068 (2)
1547 2016 1656 2057 Hor.
1681 2017 1771 2057 Sat.

264 2085 291 2114 Ι.
320 2075 377 2113 ix.
404 2075 453 2113 41
477 2089 488 2122 ;
521 2075 578 2122 (3)
601 2074 807 2121 Terence,
831 2074 943 2113 Eun.
972 2075 1059 2113 119.

319 2127 336 2151 2
364 2128 579 2180 Properly
600 2142 625 2168 3
647 2128 1031 2180 pontoon-bridge.
1187 2129 1203 2152 3
1234 2128 1323 2167 Ecl.
1350 2128 1377 2167 i.
1405 2128 1470 2166 54.

320 2183 336 2206 4
364 2183 615 2223 Martianus
652 2183 845 2236 Capella,
883 2184 943 2222 iii.
976 2187 996 2232 ς·
1026 2184 1132 2225 307:
1160 2182 1340 2235 quidam
1376 2195 1473 2221 cum
1506 2181 1572 2221 lac
1605 2180 1774 2229 dicunt,

268 2237 485 2278 adiiciunt
510 2244 537 2287 t,
563 2243 800 2290 propterea
823 2237 940 2291 quod
962 2238 1071 2278 facit
1093 2237 1227 2277 lactis.

271 2679 367 2738 308
