1871 3046
800 186 1154 234 AUSONIUS

245 319 663 365 XXI.—-C1³1s·rus
702 334 761 364 ΕΤ
800 319 1021 365 Unfflcus
1059 318 1387 363 GRAMMATlcl
1431 318 1608 363 me
1650 333 1708 363 ET

879 387 1070 431 GRAECJ

424 476 464 522 T
470 492 499 522 U
525 492 726 538 quoque
753 479 804 520 in
831 490 1025 530 aevum,
1054 474 1244 535 Crispe,
1272 473 1498 519 futurum

426 547 606 590 maesti
632 546 804 589 venies
829 547 1249 587 commemoratus

660 625 870 655 munere
894 609 1078 655 threni.

425 703 510 762 qui
535 702 815 761 primaevos
840 696 1082 759 fandique
1107 697 1258 744 rudes

426 767 797 813 elementorum
823 768 983 826 prima
1007 765 1224 812 docebas
1705 783 1732 811 o

661 837 805 896 signa
828 849 1072 880 novorum
1092 851 1101 879 :

426 923 648 970 creditus
673 922 792 968 olim
817 921 1014 968 fervere
1039 939 1193 979 mero)

426 998 483 1037 ut
508 990 720 1053 Vergilii
748 990 1015 1053 Flaccique
1039 990 1191 1036 locis1

664 1058 863 1105 aemula
887 1058 1058 1105 ferres.
1120 1058 1124 1061 ’

427 1149 495 1195 Et
518 1148 612 1194 tibi
638 1147 796 1194 Latiis
822 1147 1112 1209 posthabite
1139 1151 1277 1204 orsis,
1673 1149 1733 1194 10

428 1217 633 1273 Urbice,
661 1216 805 1261 Grais
832 1215 1062 1273 celebris,
1088 1232 1291 1262 carmen

665 1287 734 1330 Sic
761 1282 997 1331 ἐλελείσῲ.

427 1391 544 1419 nam
568 1380 625 1420 tu
653 1372 826 1434 Crispo
852 1375 1121 1419 coniuncte
1147 1380 1235 1419 tuo

428 1458 574 1503 prosa
599 1441 792 1487 solebas
819 1447 872 1486 et
897 1457 1039 1487 versa
1063 1441 1200 1503 loqui

665 1513 857 1571 impete
885 1509 1082 1566 eodem,
1676 1511 1734 1555 15

429 1602 615 1661 priscos
641 1605 699 1645 ut
723 1595 882 1664 [mox]
908 1598 1085 1645 heroas
1111 1598 1230 1645 olim

430 1670 651 1713 carmine
679 1666 893 1712 Homeri
920 1674 1336 1714 commemoratos

666 1734 820 1780 fando
844 1734 1060 1781 referres
1081 1752 1090 1780 :

430 1823 633 1870 dulcem
657 1826 710 1869 in
735 1827 906 1885 paucis
931 1830 989 1869 ut
1017 1823 1384 1881 Plistheniden„

431 1899 484 1938 et
509 1894 749 1938 torrentis
775 1908 866 1938 ceu
895 1891 1119 1937 Dulichii
1676 1893 1737 1937 20

667 1959 913 2021 ninguida
936 1959 1090 2017 dicta,

433 2055 486 2095 et
509 2048 734 2095 mellitae
761 2055 967 2094 nectare
993 2052 1126 2094 vocis

431 2116 597 2162 dulcia
622 2115 727 2163 fatu
756 2117 909 2163 verba
934 2122 1203 2162 canentem

674 2185 888 2230 Nestora
912 2200 1101 2246 regem.

331 2274 496 2319 Ambo
522 2272 658 2335 loqui
677 2272 866 2330 faciles,
887 2273 1034 2318 ambo
1054 2277 1219 2318 omnia
1241 2277 1459 2319 carmina
1483 2273 1636 2330 docti,
1677 2274 1736 2318 25

399 2340 644 2386 callentes
668 2340 884 2403 mython
909 2340 1155 2402 plasmata
1181 2348 1234 2387 et
1257 2341 1533 2398 historiam,

332 2409 501 2455 liberti
527 2409 676 2453 ambo
700 2424 877 2470 genus,
905 2408 993 2454 sed
1019 2425 1142 2471 quos
1168 2413 1409 2456 meruisse
1435 2409 1643 2455 deceret

399 2479 635 2533 nancisci,
664 2482 719 2522 ut
745 2476 976 2522 cluerent
1001 2478 1226 2539 patribus
1252 2480 1499 2539 ingenuis.

286 2565 301 2588 ¹
332 2564 388 2605 So
420 2564 473 2605 V:
495 2564 615 2611 iocis,
643 2563 801 2614 Peiper
823 2564 954 2610 (aster
976 2564 1200 2613 Heinsius)
1222 2580 1231 2612 ;
1251 2564 1333 2604 but
1350 2564 1468 2604 what
1493 2578 1565 2603 are
1586 2567 1614 2585 ⁴‘
1631 2564 1736 2603 Ver-

230 2619 324 2671 gilii
347 2650 355 2659 .
384 2651 391 2658 .
421 2650 428 2658 .
454 2619 549 2658 ioca
567 2618 621 2659 ’'?

237 2692 254 2721 1
266 2691 328 2737 30
