1871 3046
836 184 1193 232 AUSONIUS

593 338 952 384 XL-—PAsToa
992 338 1157 383 NEpos
1195 353 1255 382 Ex
1294 336 1431 382 F1L1o

257 458 334 505 TU
359 475 559 522 quoque
585 465 822 517 maturos,
848 475 975 521 puer
999 462 1268 515 inmature,
1294 456 1491 503 dolores

323 536 640 597 interrupisti
665 534 832 581 luctus
856 534 1065 580 acerbus
1091 536 1187 591 avi,

262 608 432 655 Pastor
457 626 569 655 care
595 625 771 671 nepos,
796 626 910 672 spes
936 612 1075 655 cuius
1102 615 1240 655 certa
1264 607 1484 664 fuisses,1

325 684 564 746 Hesperii
588 688 745 746 patris
771 688 925 731 tertia
950 687 1233 746 progenies.

255 775 456 816 nomen,
484 759 618 822 quod
644 775 784 805 casus
810 759 1024 805 dederat
1049 758 1189 823 (quia
1214 758 1380 805 fistula
1404 761 1621 820 primum
1740 758 1767 802 5

322 834 572 895 pastorale
597 834 757 880 melos
784 837 1042 880 concinuit
1068 833 1281 896 genito),

253 925 364 954 sero
388 908 711 955 intellectum
736 912 869 954 vitae
896 910 1060 955 brevis
1085 915 1443 970 argumentum
1466 925 1474 953 :

321 986 524 1045 spiritus
549 982 745 1030 adflatis
770 983 904 1045 quod
930 982 1064 1044 fugit
1089 1000 1116 1029 e
1143 982 1357 1028 calamis.

253 1058 437 1104 occidis
464 1061 674 1104 emissae
699 1074 965 1120 percussus
989 1057 1216 1120 pondere
1241 1064 1421 1114 testae,

319 1134 506 1179 abiecit
528 1139 668 1179 tecto
695 1150 845 1196 quam
869 1150 1048 1179 manus
1071 1132 1288 1179 artificis.
1707 1133 1766 1178 10

251 1225 354 1254 non
377 1208 477 1254 fuit
502 1208 704 1254 artificis
728 1225 905 1255 manus
932 1208 1086 1254 haec:
1123 1225 1301 1254 manus
1327 1207 1413 1253 illa
1437 1210 1634 1254 cruenti

319 1289 459 1329 certa
483 1283 581 1330 fuit
604 1282 697 1329 fati
722 1286 1042 1345 suppositura
1068 1300 1223 1329 reum.

252 1358 367 1415 heu,
395 1374 523 1421 quae
550 1364 665 1404 vota
688 1357 830 1415 mihi,
855 1374 984 1420 quae
1011 1362 1199 1420 rumpis
1225 1358 1423 1420 gaudia,
1452 1358 1653 1405 Pastor!

318 1432 403 1478 illa
427 1449 598 1479 meum
623 1436 775 1494 petiit
800 1432 975 1495 tegula
999 1436 1149 1479 missa
1174 1439 1338 1495 caput.

250 1507 450 1570 dignior
475 1524 520 1565 o,
545 1514 747 1554 nostrae
773 1523 1005 1570 gemeres
1031 1511 1117 1570 qui
1143 1506 1247 1554 fata
1272 1514 1509 1554 senectae
1704 1509 1762 1553 15

318 1589 371 1629 et
396 1599 664 1645 quererere
692 1599 829 1629 meas
855 1589 1077 1629 maestus
1104 1582 1168 1628 ad
1195 1583 1460 1646 exequias!

595 1840 929 1887 XII.-—IUL1A
970 1841 1210 1886 DammA
1249 1839 1417 1886 Sonon

248 1962 300 2009 S1
327 1978 425 2024 qua
450 1960 548 2007 fuit
571 1964 746 2017 virtus,
774 1966 986 2022 cuperet
1011 1976 1159 2022 quam
1186 1959 1376 2006 femina
1401 1960 1624 2022 prudens

316 2053 425 2083 esse
451 2052 606 2093 suam,
634 2052 770 2082 soror
795 2035 888 2081 hac
915 2035 1139 2098 Dryadia
1163 2034 1298 2081 haud
1325 2038 1497 2082 caruit.

245 2115 369 2174 quin
395 2114 549 2158 etiam
574 2110 758 2157 multas
783 2110 977 2167 habuit,
1004 2126 1125 2172 quas
1151 2126 1299 2156 sexus
1324 2110 1511 2157 habere

314 2187 490 2233 fortior
514 2192 715 2249 optaret
744 2185 1082 2248 nobilitasque
1109 2189 1282 2232 virum.

246 2263 396 2309 docta
421 2264 540 2308 satis
565 2265 822 2323 vitamque
850 2260 961 2306 colu
988 2260 1275 2323 famamque
1301 2265 1451 2318 tueri,

313 2338 463 2384 docta
488 2337 644 2382 bonos
670 2351 833 2381 mores
859 2338 965 2397 ipsa
991 2351 1205 2397 suosque
1233 2335 1433 2382 docens.

246 2420 299 2460 et
324 2428 498 2459 verum
523 2415 627 2457 vita
651 2414 730 2456 cui
755 2413 914 2456 carius
941 2426 1141 2472 unaque
1167 2427 1285 2457 cura

313 2503 459 2534 nosse
485 2487 638 2533 deum
664 2492 716 2532 et
741 2485 949 2532 fratrem
975 2484 1188 2547 diligere
1215 2492 1334 2532 ante
1358 2485 1495 2531 alios.

1729 2262 1756 2306 Q(

517 2582 528 2605 ¹
560 2581 841 2621 Translator:
874 2580 961 2619 fuit
985 2594 1066 2628 res,
1096 2581 1132 2620 V
1150 2580 1253 2630 (and
1276 2580 1457 2631 Peipcr).

251 2674 308 2719 74

1823 2753 1871 3046 Qffizi-sssem
1845 2719 1858 2737 -τ
1848 2696 1862 2707 z
1855 2567 1857 2570 -
