1871 3046
777 192 1132 240 AUSONIUS

199 327 303 386 qui,
327 340 393 370 ne
419 323 662 371 Troianae
688 331 944 386 premeret
969 324 1100 386 pede
1126 323 1274 370 litora
1298 330 1481 381 terrae,

268 395 376 454 ipse
402 408 552 454 super
575 395 832 455 proprium
858 392 1065 438 desiluit
1090 391 1324 453 clipeum.

200 459 317 522 quid
338 476 520 523 queror
536 462 553 506 ?
580 460 674 506 hoc
690 460 853 506 letum
869 463 967 505 iam
983 466 1095 505 tum
1109 475 1223 504 mea
1238 458 1342 505 fata
1361 460 1628 516 canebant,

267 527 370 574 tale
396 528 519 574 mihi
544 544 731 574 nomen
757 545 870 573 cum
896 534 1042 589 pater
1066 529 1302 588 inposuit.

712 687 1202 732 XIIl.-—DE1PH0130

201 800 452 846 Pssoanus
477 799 540 845 ad
567 815 781 861 poenam
808 798 1084 844 sceleratae
1108 797 1285 844 fraude
1314 798 1572 845 Lacaenae

267 874 320 914 et
345 866 629 914 deformato
655 882 862 928 corpore
890 866 1188 929 Deiphobus

197 952 300 982 non
324 935 488 981 habeo
512 934 781 992 tumulum,
806 937 901 980 nisi
926 950 1079 997 quem
1102 934 1227 980 mihi
1254 951 1372 981 voce
1399 938 1624 981 vocantis

267 1011 320 1050 et
345 1006 455 1065 pius
482 1004 684 1049 Aeneas
711 1009 764 1049 et
790 1002 932 1048 Maro
959 1006 1237 1064 conposuit.

728 1157 1175 1204 XIV.-—HEcT0R1

196 1269 454 1315 HECTORIS
470 1268 551 1314 hic
567 1268 808 1325 tumulus,
827 1285 940 1314 cum
958 1285 1056 1331 quo
1073 1284 1159 1314 sua
1177 1267 1322 1315 Troia
1339 1269 1537 1331 sepulta
1556 1276 1633 1315 est
1654 1287 1662 1315 ε

262 1337 551 1384 conduntur
578 1340 781 1399 pariter,
807 1339 891 1399 qui
917 1339 1113 1398 periere
1141 1336 1301 1381 simul.

699 1489 1201 1536 XV.-—AsTYANACT1

192 1600 230 1646 F
236 1617 316 1646 Los
343 1601 493 1647 Asiae
518 1607 763 1663 tantaque
790 1616 918 1646 unus
945 1600 1008 1646 de
1034 1606 1192 1662 gente
1218 1607 1488 1663 superstes)

193 1669 440 1730 parvulus,
470 1668 669 1730 Argivis
696 1675 774 1714 set
799 1671 898 1714 iam
923 1667 988 1714 de
1013 1674 1158 1730 patre
1183 1668 1457 1724 timendus,

191 1737 272 1783 hic
298 1740 436 1783 iaceo
462 1737 739 1799 Astyanax,
767 1736 935 1783 Scaeis
961 1736 1190 1782 deiectus
1215 1737 1277 1782 ab
1303 1737 1430 1783 altis.

191 1821 280 1866 pro
305 1805 475 1851 dolor!
551 1805 690 1850 Iliaci
719 1804 978 1866 Neptunia
1002 1808 1204 1850 moenia
1228 1808 1357 1851 muri

191 1873 429 1920 viderunt
454 1872 645 1936 aliquid
671 1872 923 1918 crudelius
953 1872 1180 1919 Hectore
1207 1879 1380 1919 tracto.

698 2047 1196 2095 XVI.-—SARPEDON1

190 2158 457 2205 SARPEDON
484 2157 683 2221 Lycius,
709 2161 912 2220 genitus
941 2158 1075 2215 Iove,
1102 2162 1310 2205 numine
1338 2164 1492 2221 patris

261 2227 523 2288 sperabam
551 2226 761 2283 caelum,
790 2232 868 2272 set
893 2233 1040 2288 tegor
1066 2226 1159 2272 hoc
1187 2227 1381 2273 tumulo

191 2297 479 2356 sanguineis
504 2293 649 2340 fletus
674 2294 889 2340 lacrimis
910 2311 919 2339 ε
958 2310 1046 2355 pro
1071 2293 1235 2340 ferrea
1261 2295 1379 2351 fata,

260 2369 313 2409 et
337 2365 529 2424 patitur
552 2361 762 2418 luctum,
789 2365 875 2424 qui
900 2361 1168 2424 prohibere
1194 2369 1377 2425 potest.

546 2486 562 2510 1
591 2498 644 2525 sc.
673 2484 819 2536 Virgil
842 2487 930 2535 (see
953 2485 1060 2525 Aen.
1091 2487 1145 2526 vi.
1174 2488 1339 2535 505-6).

543 2540 558 2563 ²
588 2553 650 2590 cp.
679 2539 811 2579 Antlz.
843 2540 940 2579 Pal.
968 2541 1041 2579 vii.
1074 2542 1160 2581 139.

544 2594 559 2618 3
590 2593 668 2634 See
689 2600 724 2633 Π
745 2595 833 2633 459.

198 2674 289 2729 148

1682 326 1709 369 C!

1675 1875 1702 1919 CI
