1871 3046
851 201 1208 250 AUSONIUS

273 344 326 383 et
351 340 436 400 qui
462 343 737 398 conceptus
762 336 1046 397 triplicatae
1073 350 1283 396 vespere
1310 338 1472 380 noctis

271 429 403 473 iussa
427 432 608 489 quater
632 428 791 471 ternis
816 424 991 470 adfixit
1016 426 1183 486 opima
1207 426 1442 485 tropaeis.

341 515 408 562 Et
432 515 575 577 lyrici
600 521 741 561 vates
766 530 977 559 numero
1003 519 1123 559 sunt
1150 513 1614 575 Mnemosynarum,
1722 512 1784 557 30

271 607 360 651 tris
386 604 513 651 solas
539 603 794 666 quondam
819 606 989 649 tenuit
1014 618 1136 665 quas
1161 602 1373 648 dextera
1401 600 1591 648 Phoebi
1612 617 1621 646 :

271 699 349 740 set
376 693 619 739 Citheron
643 696 834 738 totiens
860 699 1031 738 ternas
1058 708 1117 738 ex
1145 707 1260 737 aere
1287 694 1499 737 sacravit

269 782 535 843 relligione
560 787 778 842 patrum,
805 785 889 844 qui
917 797 1003 827 sex
1029 784 1275 843 sprevisse
1300 780 1566 826 timebant.

269 873 404 916 trina
429 869 706 915 Tarentino
732 869 987 916 celebrata
1011 873 1247 916 trinoctia
1272 869 1407 926 ludo,

271 959 437 1022 qualia
462 959 537 1004 bis
563 961 740 1020 genito
765 957 954 1005 Thebis
979 962 1237 1005 trieterica
1266 957 1475 1004 Baccho.
1723 959 1784 1003 35

270 1053 360 1095 tris
385 1051 570 1111 primas
595 1047 879 1094 Thraecum
905 1065 1101 1110 pugnas
1127 1049 1288 1095 tribus
1314 1048 1490 1094 ordine
1517 1047 1663 1094 bellis

274 1137 513 1184 Iuniadae
539 1140 703 1200 patrio
728 1136 934 1184 inferias
958 1140 1140 1184 misere
1168 1137 1411 1199 sepulcro.

269 1227 353 1272 illa
378 1230 533 1273 etiam
559 1225 808 1272 thalamos
833 1243 924 1288 per
946 1229 1082 1272 trina
1105 1229 1395 1288 aenigmata
1420 1242 1683 1290 quaerens,

270 1318 355 1378 qui
380 1316 523 1377 bipes
551 1321 603 1360 et
630 1314 917 1377 quadrupes
942 1314 1076 1360 foret
1102 1321 1155 1361 et
1178 1317 1353 1377 tripes,
1381 1318 1548 1360 onmia
1574 1315 1724 1373 solus,

270 1407 454 1451 terruit
480 1403 695 1449 Aoniam
723 1403 951 1461 volucris,
978 1404 1074 1461 100,
1102 1407 1242 1466 virgo
1268 1402 1509 1450 triformis
1724 1405 1786 1450 40

270 1493 471 1556 sphinx,
496 1493 711 1539 volucris
737 1496 934 1555 pennis,
960 1492 1176 1555 pedibus
1201 1492 1324 1551 fera,
1349 1492 1517 1540 fronte
1543 1493 1725 1556 puella.

339 1583 491 1628 Trina
515 1586 566 1628 in
594 1582 809 1644 Tarpeio
833 1581 1036 1644 fulgent
1060 1586 1311 1629 consortia
1335 1583 1543 1645 templo.

270 1673 490 1719 humana
516 1672 739 1718 efficiunt
764 1671 1053 1718 habitacula
1078 1679 1321 1734 tergenus
1348 1679 1482 1720 artes
1503 1690 1512 1718 ε

271 1761 547 1824 parietibus
574 1764 658 1823 qui
686 1777 802 1807 saxa
826 1760 976 1819 locat,
1003 1764 1088 1824 qui
1114 1761 1335 1807 culmine
1361 1765 1521 1825 tigna,

272 1858 325 1896 et
350 1854 435 1913 qui
461 1867 695 1911 supremo
720 1854 876 1896 comit
900 1854 1115 1897 tectoria
1140 1850 1295 1897 cultu.
1723 1854 1784 1898 45

272 1941 389 1986 hinc
417 1940 603 1985 Bromii
629 1940 930 2002 quadrantal
957 1947 1010 1986 et
1035 1940 1153 1986 hinc
1181 1940 1360 1987 Sicana
1386 1942 1672 1987 medimna:

271 2030 364 2075 hoc
383 2029 561 2087 tribus,
580 2029 675 2075 hoc
695 2032 911 2091 geminis
931 2030 1092 2075 tribus
1114 2029 1334 2091 explicat
1355 2046 1472 2076 usus
1492 2031 1691 2093 agendi.

328 2161 339 2184 1

325 2214 342 2239 ²
372 2160 683 2264 giezrolgllgisitus,
717 2215 996 2267 Amphitryo,
1036 2217 1124 2265 113,
1159 2218 1234 2259 271
1269 2217 1334 2265 ff.;
1371 2218 1551 2266 Lucian,
1587 2217 1707 2257 Dial.
1743 2231 1786 2270 ο]

275 2271 341 2348 Ch}
365 2271 600 2364 glicglxlyine
622 2324 772 2364 Muses
793 2338 908 2364 were
929 2325 1162 2375 dauyhters
1182 2325 1227 2365 of
1247 2326 1547 2379 Mnemosyne.

325 2380 340 2402 ⁴
369 2379 461 2418 The
482 2379 704 2418 reference
725 2379 761 2418 is
785 2384 829 2418 to
851 2392 907 2419 an
929 2380 1051 2431 early
1072 2384 1220 2419 statue
1240 2381 1285 2420 of
1305 2381 1466 2433 Apollo
1486 2381 1545 2433 by
1571 2382 1784 2421 Tectaeus

271 2433 357 2473 and
379 2433 597 2485 Angelion
619 2438 666 2473 at
688 2433 820 2473 Delos
841 2450 848 2473 :
882 2447 952 2473 see
981 2434 1099 2473 Plut.
1126 2435 1176 2474 cle
1197 2435 1313 2475 illus.
1341 2437 1427 2475 xiv.
1491 2435 1536 2475 It
1559 2437 1594 2476 is
1615 2436 1784 2488 figured

272 2502 327 2527 on
348 2489 516 2527 certain
539 2488 765 2527 Athenian
786 2489 920 2536 coins,
954 2488 1022 2528 for
1052 2489 1196 2528 which
1227 2503 1297 2530 see
1328 2490 1376 2530 P.
1401 2490 1616 2540 Gardner,
1646 2490 1785 2541 Types

271 2542 323 2593 of
348 2542 480 2582 Greek
503 2542 642 2591 Com-s,
674 2542 739 2582 Pl.
763 2542 862 2582 XV.
889 2543 954 2583 29.

326 2596 341 2620 ⁵
372 2596 451 2637 See
473 2596 726 2645 Pausanias,
754 2609 816 2636 IX.
843 2598 960 2636 xxix.
990 2598 1026 2636 2.

274 2676 366 2734 362
