1871 3046
737 636 991 694 LIBER
1039 636 1183 692 XVI

440 804 754 852 GRIPHUS
803 805 1141 851 TERNARII
1194 802 1473 851 NUMERI

670 957 920 1003 AUSONIUS
959 957 1243 1005 SYMMACHO

268 1067 503 1113 LATEBAT
540 1071 675 1114 inter
710 1084 871 1129 nugas
907 1083 1045 1113 meas
1078 1066 1280 1112 libellus
1313 1064 1579 1128 ignobilis;
1616 1067 1714 1110 uti-

195 1159 414 1206 namque
450 1143 683 1190 latuisse'c
719 1158 886 1205 neque
924 1141 1110 1188 indicio
1148 1147 1531 1203 suotamquam
1571 1156 1714 1186 sorex

195 1222 398 1280 periret.
474 1217 609 1264 hunc
648 1234 743 1280 ego
780 1234 894 1263 cum
933 1216 1072 1263 velut
1109 1216 1418 1278 gallinaceus
1456 1214 1714 1261 Euclionis

195 1297 293 1340 situ
321 1293 514 1340 chartei
539 1293 758 1355 pulveris
794 1295 1051 1347 eruissem,
1079 1308 1344 1338 excussum
1369 1290 1529 1352 relegi
1558 1296 1713 1352 atque

195 1376 252 1416 ut
277 1368 452 1415 avidus
477 1368 765 1414 faenerator
789 1367 1058 1429 inprobum
1084 1382 1348 1411 nummum
1382 1365 1535 1410 malui
1570 1381 1712 1410 occu-

194 1460 314 1506 pare
340 1461 491 1507 quam
516 1443 748 1490 condere.
815 1442 933 1489 dein
960 1444 1188 1504 cogitans
1213 1456 1430 1497 mecum,
1456 1456 1559 1486 non
1585 1438 1711 1485 illud

196 1519 573 1576 Catullianum,1

431 1623 511 1666 cui
536 1619 670 1665 dono
694 1617 922 1680 lepidum
948 1633 1134 1663 novum
1159 1615 1404 1673 libellum,

193 1728 271 1768 set
297 1722 616 1785 ἀμουσότερον
642 1726 695 1766 et
720 1721 912 1766 Verius:

431 1824 511 1868 cui
535 1821 669 1867 dono
693 1819 992 1882 inlepidum,
1019 1817 1197 1864 rudem
1223 1815 1472 1873 libellum,

192 1939 294 1968 non
320 1922 406 1968 diu
436 1924 671 1984 quaesivi.
745 1927 803 1966 'cu
841 1922 977 1966 enim
1015 1920 1290 1974 occurristi,
1330 1932 1482 1979 quem
1519 1931 1632 1977 ego,
1669 1917 1708 1960 si

191 1997 315 2043 mihi
340 2004 565 2060 potestas
591 1999 655 2043 sit
681 2012 743 2042 ex
769 1995 1001 2041 omnibus
1027 1992 1305 2055 deligendi,
1328 2008 1485 2038 unum
1506 2006 1708 2052 semper

192 2073 448 2136 elegerim.
504 2074 618 2118 misi
642 2074 814 2134 itaque
835 2069 899 2116 ad
917 2076 971 2116 te
992 2069 1117 2115 haec
1138 2066 1315 2113 frivola
1341 2070 1499 2130 gerris
1527 2065 1707 2112 Siculis

190 2151 408 2207 vaniora,
444 2155 518 2205 ut,
556 2164 670 2194 cum
706 2149 812 2209 agis
849 2144 992 2202 nihil,
1030 2143 1156 2190 haec
1191 2142 1332 2205 legas
1370 2148 1440 2200 et,
1478 2157 1543 2188 ne
1580 2140 1708 2190 nihil

738 2274 755 2299 1
784 2273 1002 2322 Catullus,
1026 2273 1051 2312 i.
1084 2273 1117 2311 1.

246 2418 259 2442 1
291 2416 540 2469 According
568 2420 616 2456 to
638 2415 902 2468 Hesychius,
929 2412 1110 2463 yriphvs
1140 2412 1321 2463 (γρῖφος)
1344 2422 1434 2449 was
1460 2422 1485 2448 a
1514 2408 1626 2448 form
1661 2407 1707 2447 of

191 2472 334 2513 riddle
356 2472 543 2524 popular
564 2475 611 2511 ab
629 2470 944 2522 wine-parties.

191 2526 469 2633 Ιὶέῖὶὶεένρξὲιέ.
491 2525 601 2567 Eun.
629 2526 757 2566 1024:
782 2526 955 2576 egomet
977 2535 1071 2561 meo
1093 2520 1257 2560 indicio
1280 2519 1412 2559 miser
1427 2517 1553 2570 quasi
1574 2529 1701 2556 sorex

191 2674 286 2722 352
