<?xml version="1.0" encoding="UTF-8"?>
<!DOCTYPE html PUBLIC "-//W3C//DTD XHTML 1.0 Transitional//EN"
    "http://www.w3.org/TR/xhtml1/DTD/xhtml1-transitional.dtd">
<html xmlns="http://www.w3.org/1999/xhtml" xml:lang="en" lang="en">
 <head>
  <title>
</title>
<meta http-equiv="Content-Type" content="text/html;charset=utf-8" />
  <meta name='ocr-system' content='tesseract 3.04.00' />
  <meta name='ocr-capabilities' content='ocr_page ocr_carea ocr_par ocr_line ocrx_word'/>
</head>
<body>
  <div class='ocr_page' id='page_1' title='image "ausonius00auso_0154.png"; bbox 0 0 1871 3046; ppageno 0'>
   <div class='ocr_carea' id='block_1_1' title="bbox 831 211 1189 261">
    <p class='ocr_par' dir='ltr' id='par_1_1' title="bbox 831 211 1189 261">
     <span class='ocr_line' id='line_1_1' title="bbox 831 211 1189 261; baseline 0.008 -3"><span class='ocrx_word' id='word_1_1' title='bbox 831 211 1189 261; x_wconf 89' lang='lat' dir='ltr'>AUSONIUS</span> 
     </span>
    </p>
   </div>
   <div class='ocr_carea' id='block_1_2' title="bbox 392 341 1423 774">
    <p class='ocr_par' dir='ltr' id='par_1_2' title="bbox 396 341 1316 481">
     <span class='ocr_line' id='line_1_2' title="bbox 396 341 1316 405; baseline -0.007 -13"><span class='ocrx_word' id='word_1_2' title='bbox 396 343 633 392; x_wconf 83' lang='lat' dir='ltr'>Sallustio</span> <span class='ocrx_word' id='word_1_3' title='bbox 658 343 769 405; x_wconf 91' lang='lat' dir='ltr'>plus</span> <span class='ocrx_word' id='word_1_4' title='bbox 796 341 1062 388; x_wconf 90' lang='lat' dir='ltr'>conferent</span> <span class='ocrx_word' id='word_1_5' title='bbox 1086 341 1200 387; x_wconf 86' lang='lat' dir='ltr'>libri</span> <span class='ocrx_word' id='word_1_6' title='bbox 1225 345 1316 399; x_wconf 84' lang='lat' dir='ltr'>tui,</span> 
     </span>
     <span class='ocr_line' id='line_1_3' title="bbox 461 416 1160 481; baseline -0.003 -17"><span class='ocrx_word' id='word_1_7' title='bbox 461 435 612 481; x_wconf 89' lang='lat' dir='ltr'>quam</span> <span class='ocrx_word' id='word_1_8' title='bbox 636 417 924 464; x_wconf 86' lang='lat' dir='ltr'>consulatus</span> <span class='ocrx_word' id='word_1_9' title='bbox 948 416 1160 463; x_wconf 82' lang='lat' dir='ltr'>addidit.</span> 
     </span>
    </p>

    <p class='ocr_par' dir='ltr' id='par_1_3' title="bbox 392 491 1423 616">
     <span class='ocr_line' id='line_1_4' title="bbox 392 491 1423 550; baseline -0.004 -9"><span class='ocrx_word' id='word_1_10' title='bbox 392 509 588 541; x_wconf 89' lang='lat' dir='ltr'>morum</span> <span class='ocrx_word' id='word_1_11' title='bbox 612 499 830 550; x_wconf 83' lang='lat' dir='ltr'>tuorum,</span> <span class='ocrx_word' id='word_1_12' title='bbox 857 492 1052 539; x_wconf 91' lang='lat' dir='ltr'>decoris</span> <span class='ocrx_word' id='word_1_13' title='bbox 1078 498 1131 538; x_wconf 87' lang='lat' dir='ltr'>et</span> <span class='ocrx_word' id='word_1_14' title='bbox 1155 491 1423 538; x_wconf 78' lang='lat' dir='ltr'>facundiae</span> 
     </span>
     <span class='ocr_line' id='line_1_5' title="bbox 462 566 1038 616; baseline -0.003 0"><span class='ocrx_word' id='word_1_15' title='bbox 462 569 674 616; x_wconf 87' lang='lat' dir='ltr'>formam</span> <span class='ocrx_word' id='word_1_16' title='bbox 700 567 887 614; x_wconf 91' lang='lat' dir='ltr'>dedisti</span> <span class='ocrx_word' id='word_1_17' title='bbox 914 566 1038 614; x_wconf 89' lang='lat' dir='ltr'>filiis.</span> 
     </span>
    </p>

    <p class='ocr_par' dir='ltr' id='par_1_4' title="bbox 396 642 1406 774">
     <span class='ocr_line' id='line_1_6' title="bbox 396 642 1406 707; baseline -0.003 -17"><span class='ocrx_word' id='word_1_18' title='bbox 396 645 608 707; x_wconf 81' lang='lat' dir='ltr'><strong>Ignosce</strong></span> <span class='ocrx_word' id='word_1_19' title='bbox 633 646 793 689; x_wconf 80' lang='lat' dir='ltr'>nostri</span> <span class='ocrx_word' id='word_1_20' title='bbox 818 643 981 689; x_wconf 90' lang='lat' dir='ltr'>laesus</span> <span class='ocrx_word' id='word_1_21' title='bbox 1007 643 1247 704; x_wconf 87' lang='lat' dir='ltr'>obsequio</span> <span class='ocrx_word' id='word_1_22' title='bbox 1276 642 1376 688; x_wconf 87' lang='lat' dir='ltr'>stili</span> <span class='ocrx_word' id='word_1_23' title='bbox 1399 660 1406 688; x_wconf 95' lang='lat'>:</span> 
     </span>
     <span class='ocr_line' id='line_1_7' title="bbox 460 718 1204 774; baseline -0.001 -10"><span class='ocrx_word' id='word_1_24' title='bbox 460 721 641 765; x_wconf 86' lang='lat' dir='ltr'>amoris</span> <span class='ocrx_word' id='word_1_25' title='bbox 670 718 765 764; x_wconf 89' lang='lat' dir='ltr'>hoc</span> <span class='ocrx_word' id='word_1_26' title='bbox 791 721 983 763; x_wconf 79' lang='lat' dir='ltr'>crimen</span> <span class='ocrx_word' id='word_1_27' title='bbox 1007 720 1083 764; x_wconf 85' lang='lat' dir='ltr'>tui</span> <span class='ocrx_word' id='word_1_28' title='bbox 1110 724 1204 774; x_wconf 80' lang='lat' dir='ltr'>est,</span> 
     </span>
    </p>
   </div>
   <div class='ocr_carea' id='block_1_3' title="bbox 393 792 1630 857">
    <p class='ocr_par' dir='ltr' id='par_1_5' title="bbox 393 792 1630 857">
     <span class='ocr_line' id='line_1_8' title="bbox 393 792 1630 857; baseline -0.001 -17"><span class='ocrx_word' id='word_1_29' title='bbox 393 794 528 857; x_wconf 90' lang='lat' dir='ltr'>quod</span> <span class='ocrx_word' id='word_1_30' title='bbox 552 793 708 853; x_wconf 84' lang='lat' dir='ltr'>digna</span> <span class='ocrx_word' id='word_1_31' title='bbox 732 795 980 854; x_wconf 90' lang='lat' dir='ltr'>nequiens</span> <span class='ocrx_word' id='word_1_32' title='bbox 1006 807 1238 853; x_wconf 78' lang='lat' dir='ltr'><strong>promere</strong></span> <span class='ocrx_word' id='word_1_33' title='bbox 1264 792 1479 839; x_wconf 88' lang='lat' dir='ltr'>officium</span> <span class='ocrx_word' id='word_1_34' title='bbox 1507 792 1630 850; x_wconf 80' lang='lat' dir='ltr'>colo,</span> 
     </span>
    </p>
   </div>
   <div class='ocr_carea' id='block_1_4' title="bbox 393 866 1374 1080">
    <p class='ocr_par' dir='ltr' id='par_1_6' title="bbox 393 866 1374 1080">
     <span class='ocr_line' id='line_1_9' title="bbox 461 866 943 914; baseline -0.004 0"><span class='ocrx_word' id='word_1_35' title='bbox 461 871 698 914; x_wconf 87' lang='lat' dir='ltr'>iniuriose</span> <span class='ocrx_word' id='word_1_36' title='bbox 725 866 943 913; x_wconf 87' lang='lat' dir='ltr'>sedulus.</span> 
     </span>
     <span class='ocr_line' id='line_1_10' title="bbox 393 941 1374 1007; baseline -0.003 -17"><span class='ocrx_word' id='word_1_37' title='bbox 393 947 595 1007; x_wconf 83' lang='lat' dir='ltr'>quiesce</span> <span class='ocrx_word' id='word_1_38' title='bbox 621 941 847 1005; x_wconf 86' lang='lat' dir='ltr'>placidus</span> <span class='ocrx_word' id='word_1_39' title='bbox 874 948 927 988; x_wconf 88' lang='lat' dir='ltr'>et</span> <span class='ocrx_word' id='word_1_40' title='bbox 952 941 1128 987; x_wconf 86' lang='lat' dir='ltr'>caduci</span> <span class='ocrx_word' id='word_1_41' title='bbox 1156 945 1374 1003; x_wconf 89' lang='lat' dir='ltr'>corporis</span> 
     </span>
     <span class='ocr_line' id='line_1_11' title="bbox 461 1017 1151 1080; baseline -0.003 -15"><span class='ocrx_word' id='word_1_42' title='bbox 461 1019 703 1065; x_wconf 85' lang='lat' dir='ltr'>damnum</span> <span class='ocrx_word' id='word_1_43' title='bbox 729 1017 955 1080; x_wconf 87' lang='lat' dir='ltr'>repende</span> <span class='ocrx_word' id='word_1_44' title='bbox 982 1017 1151 1079; x_wconf 86' lang='lat' dir='ltr'>gloria.</span> 
     </span>
    </p>
   </div>
   <div class='ocr_carea' id='block_1_5' title="bbox 680 1168 1351 1215">
    <p class='ocr_par' dir='ltr' id='par_1_7' title="bbox 680 1168 1351 1215">
     <span class='ocr_line' id='line_1_12' title="bbox 680 1168 1351 1215; baseline 0 0"><span class='ocrx_word' id='word_1_45' title='bbox 680 1168 1099 1215; x_wconf 70' lang='lat' dir='ltr'>HL—Lumoms</span> <span class='ocrx_word' id='word_1_46' title='bbox 1140 1169 1351 1215; x_wconf 75' lang='lat' dir='ltr'>RHETOR</span> 
     </span>
    </p>
   </div>
   <div class='ocr_carea' id='block_1_6' title="bbox 1707 494 1767 539">
    <p class='ocr_par' dir='ltr' id='par_1_8' title="bbox 1707 494 1767 539">
     <span class='ocr_line' id='line_1_13' title="bbox 1707 494 1733 538; textangle 90"><span class='ocrx_word' id='word_1_47' title='bbox 1707 494 1733 538; x_wconf 61' lang='grc' dir='ltr'>[Ο</span> 
     </span>
     <span class='ocr_line' id='line_1_14' title="bbox 1740 495 1767 539; textangle 90"><span class='ocrx_word' id='word_1_48' title='bbox 1740 495 1767 539; x_wconf 72' lang='lat' dir='ltr'>U«</span> 
     </span>
    </p>
   </div>
   <div class='ocr_carea' id='block_1_7' title="bbox 1706 869 1769 914">
    <p class='ocr_par' dir='ltr' id='par_1_9' title="bbox 1706 869 1769 914">
     <span class='ocr_line' id='line_1_15' title="bbox 1706 869 1769 914; baseline 0 0"><span class='ocrx_word' id='word_1_49' title='bbox 1706 869 1769 914; x_wconf 83' lang='lat'>30</span> 
     </span>
    </p>
   </div>
   <div class='ocr_carea' id='block_1_8' title="bbox 259 1265 1735 1331">
    <p class='ocr_par' dir='ltr' id='par_1_10' title="bbox 259 1265 1735 1331">
     <span class='ocr_line' id='line_1_16' title="bbox 259 1265 1735 1331; baseline 0.001 -18"><span class='ocrx_word' id='word_1_50' title='bbox 259 1267 504 1313; x_wconf 76' lang='lat' dir='ltr'>RHETORA</span> <span class='ocrx_word' id='word_1_51' title='bbox 531 1266 812 1323; x_wconf 82' lang='lat' dir='ltr'>Luciolu&#39;m,</span> <span class='ocrx_word' id='word_1_52' title='bbox 832 1265 1234 1328; x_wconf 88' lang='lat' dir='ltr'>condiscipulum</span> <span class='ocrx_word' id='word_1_53' title='bbox 1259 1273 1412 1330; x_wconf 88' lang='lat' dir='ltr'>atque</span> <span class='ocrx_word' id='word_1_54' title='bbox 1438 1272 1735 1331; x_wconf 85' lang='lat' dir='ltr'>magistrum</span> 
     </span>
    </p>
   </div>
   <div class='ocr_carea' id='block_1_9' title="bbox 254 1341 1626 2305">
    <p class='ocr_par' dir='ltr' id='par_1_11' title="bbox 254 1341 1626 2305">
     <span class='ocr_line' id='line_1_17' title="bbox 324 1341 1476 1405; baseline 0.001 -18"><span class='ocrx_word' id='word_1_55' title='bbox 324 1342 673 1405; x_wconf 85' lang='lat' dir='ltr'>collegamque</span> <span class='ocrx_word' id='word_1_56' title='bbox 698 1341 903 1399; x_wconf 83' lang='lat' dir='ltr'>dehinc,</span> <span class='ocrx_word' id='word_1_57' title='bbox 928 1344 1080 1387; x_wconf 88' lang='lat' dir='ltr'>nenia</span> <span class='ocrx_word' id='word_1_58' title='bbox 1107 1348 1299 1388; x_wconf 85' lang='lat' dir='ltr'>maesta</span> <span class='ocrx_word' id='word_1_59' title='bbox 1325 1341 1476 1401; x_wconf 86' lang='lat' dir='ltr'>refer,</span> 
     </span>
     <span class='ocr_line' id='line_1_18' title="bbox 254 1415 1626 1479; baseline 0.001 -18"><span class='ocrx_word' id='word_1_60' title='bbox 254 1415 531 1463; x_wconf 85' lang='lat' dir='ltr'>facundum</span> <span class='ocrx_word' id='word_1_61' title='bbox 556 1416 865 1479; x_wconf 90' lang='lat' dir='ltr'>doctumque</span> <span class='ocrx_word' id='word_1_62' title='bbox 891 1419 1068 1474; x_wconf 80' lang='lat' dir='ltr'>virum,</span> <span class='ocrx_word' id='word_1_63' title='bbox 1096 1433 1182 1462; x_wconf 90' lang='lat' dir='ltr'>seu</span> <span class='ocrx_word' id='word_1_64' title='bbox 1209 1416 1324 1478; x_wconf 83' lang='lat' dir='ltr'>lege</span> <span class='ocrx_word' id='word_1_65' title='bbox 1350 1423 1626 1464; x_wconf 76' lang='lat' dir='ltr'>metrorum</span> 
     </span>
     <span class='ocr_line' id='line_1_19' title="bbox 324 1490 1407 1553; baseline 0.001 -16"><span class='ocrx_word' id='word_1_66' title='bbox 324 1491 530 1537; x_wconf 88' lang='lat' dir='ltr'>condita</span> <span class='ocrx_word' id='word_1_67' title='bbox 554 1507 641 1537; x_wconf 91' lang='lat' dir='ltr'>seu</span> <span class='ocrx_word' id='word_1_68' title='bbox 668 1494 826 1553; x_wconf 85' lang='lat' dir='ltr'>prosis</span> <span class='ocrx_word' id='word_1_69' title='bbox 852 1490 1071 1538; x_wconf 86' lang='lat' dir='ltr'>solveret</span> <span class='ocrx_word' id='word_1_70' title='bbox 1097 1507 1206 1537; x_wconf 90' lang='lat' dir='ltr'>orsa</span> <span class='ocrx_word' id='word_1_71' title='bbox 1232 1491 1407 1538; x_wconf 87' lang='lat' dir='ltr'>modis.</span> 
     </span>
     <span class='ocr_line' id='line_1_20' title="bbox 256 1566 1452 1629; baseline 0 -16"><span class='ocrx_word' id='word_1_72' title='bbox 256 1570 442 1629; x_wconf 88' lang='lat' dir='ltr'>eripuit</span> <span class='ocrx_word' id='word_1_73' title='bbox 466 1569 598 1629; x_wconf 90' lang='lat' dir='ltr'>patri</span> <span class='ocrx_word' id='word_1_74' title='bbox 627 1566 862 1612; x_wconf 86' lang='lat' dir='ltr'>Lachesis</span> <span class='ocrx_word' id='word_1_75' title='bbox 888 1583 1037 1629; x_wconf 89' lang='lat' dir='ltr'>quem</span> <span class='ocrx_word' id='word_1_76' title='bbox 1066 1566 1245 1613; x_wconf 85' lang='lat' dir='ltr'>funere</span> <span class='ocrx_word' id='word_1_77' title='bbox 1270 1568 1452 1613; x_wconf 85' lang='lat' dir='ltr'>acerbo</span> 
     </span>
     <span class='ocr_line' id='line_1_21' title="bbox 322 1642 1463 1705; baseline 0.002 -19"><span class='ocrx_word' id='word_1_78' title='bbox 322 1642 642 1705; x_wconf 84' lang='lat' dir='ltr'>linquentem</span> <span class='ocrx_word' id='word_1_79' title='bbox 669 1648 814 1688; x_wconf 88' lang='lat' dir='ltr'>natos</span> <span class='ocrx_word' id='word_1_80' title='bbox 841 1658 964 1687; x_wconf 84' lang='lat' dir='ltr'>sexu</span> <span class='ocrx_word' id='word_1_81' title='bbox 989 1644 1042 1687; x_wconf 92' lang='lat' dir='ltr'>in</span> <span class='ocrx_word' id='word_1_82' title='bbox 1070 1648 1282 1704; x_wconf 87' lang='lat' dir='ltr'>utroque</span> <span class='ocrx_word' id='word_1_83' title='bbox 1309 1642 1433 1688; x_wconf 92' lang='lat' dir='ltr'>duos</span> <span class='ocrx_word' id='word_1_84' title='bbox 1455 1660 1463 1688; x_wconf 90' lang='lat'>:</span> 
     </span>
     <span class='ocr_line' id='line_1_22' title="bbox 255 1716 1479 1780; baseline 0.001 -18"><span class='ocrx_word' id='word_1_85' title='bbox 255 1734 576 1780; x_wconf 85' lang='lat' dir='ltr'>nequaquam</span> <span class='ocrx_word' id='word_1_86' title='bbox 601 1720 794 1763; x_wconf 84' lang='lat' dir='ltr'>meritis</span> <span class='ocrx_word' id='word_1_87' title='bbox 821 1720 960 1763; x_wconf 88' lang='lat' dir='ltr'>cuius</span> <span class='ocrx_word' id='word_1_88' title='bbox 985 1716 1305 1779; x_wconf 87' lang='lat' dir='ltr'>responderit</span> <span class='ocrx_word' id='word_1_89' title='bbox 1331 1717 1479 1764; x_wconf 89' lang='lat' dir='ltr'>heres</span> 
     </span>
     <span class='ocr_line' id='line_1_23' title="bbox 323 1792 1440 1856; baseline 0.001 -17"><span class='ocrx_word' id='word_1_90' title='bbox 323 1794 578 1850; x_wconf 83' lang='lat' dir='ltr'>obscurus,</span> <span class='ocrx_word' id='word_1_91' title='bbox 606 1796 831 1856; x_wconf 84' lang='lat' dir='ltr'>quamvis</span> <span class='ocrx_word' id='word_1_92' title='bbox 857 1810 993 1839; x_wconf 90' lang='lat' dir='ltr'>nunc</span> <span class='ocrx_word' id='word_1_93' title='bbox 1018 1799 1106 1839; x_wconf 87' lang='lat' dir='ltr'>tua</span> <span class='ocrx_word' id='word_1_94' title='bbox 1132 1792 1264 1838; x_wconf 86' lang='lat' dir='ltr'>fama</span> <span class='ocrx_word' id='word_1_95' title='bbox 1287 1796 1440 1841; x_wconf 76' lang='lat' dir='ltr'>iuvet.</span> 
     </span>
     <span class='ocr_line' id='line_1_24' title="bbox 259 1867 1514 1926; baseline 0 -13"><span class='ocrx_word' id='word_1_96' title='bbox 259 1868 399 1914; x_wconf 87' lang='lat' dir='ltr'>Mitis</span> <span class='ocrx_word' id='word_1_97' title='bbox 425 1870 602 1925; x_wconf 85' lang='lat' dir='ltr'>amice,</span> <span class='ocrx_word' id='word_1_98' title='bbox 628 1869 789 1914; x_wconf 88' lang='lat' dir='ltr'>bonus</span> <span class='ocrx_word' id='word_1_99' title='bbox 813 1867 987 1925; x_wconf 79' lang='lat' dir='ltr'>frater,</span> <span class='ocrx_word' id='word_1_100' title='bbox 1013 1867 1251 1914; x_wconf 88' lang='lat' dir='ltr'>fidissime</span> <span class='ocrx_word' id='word_1_101' title='bbox 1279 1871 1514 1926; x_wconf 79' lang='lat' dir='ltr'>coniunx,</span> 
     </span>
     <span class='ocr_line' id='line_1_25' title="bbox 324 1942 1413 2005; baseline 0.002 -17"><span class='ocrx_word' id='word_1_102' title='bbox 324 1949 444 1989; x_wconf 83' lang='lat' dir='ltr'>nate</span> <span class='ocrx_word' id='word_1_103' title='bbox 469 1946 598 2005; x_wconf 77' lang='lat' dir='ltr'>pius,</span> <span class='ocrx_word' id='word_1_104' title='bbox 623 1946 853 2005; x_wconf 85' lang='lat' dir='ltr'>genitor:</span> <span class='ocrx_word' id='word_1_105' title='bbox 890 1945 1137 2004; x_wconf 82' lang='lat' dir='ltr'>paenitet,</span> <span class='ocrx_word' id='word_1_106' title='bbox 1164 1949 1221 1988; x_wconf 91' lang='lat' dir='ltr'>ut</span> <span class='ocrx_word' id='word_1_107' title='bbox 1247 1942 1413 1990; x_wconf 87' lang='lat' dir='ltr'>fueris.</span> 
     </span>
     <span class='ocr_line' id='line_1_26' title="bbox 257 2017 1530 2081; baseline 0 -17"><span class='ocrx_word' id='word_1_108' title='bbox 257 2022 411 2065; x_wconf 88' lang='lat' dir='ltr'>comis</span> <span class='ocrx_word' id='word_1_109' title='bbox 437 2022 674 2076; x_wconf 87' lang='lat' dir='ltr'>convivis,</span> <span class='ocrx_word' id='word_1_110' title='bbox 699 2035 976 2081; x_wconf 90' lang='lat' dir='ltr'>numquam</span> <span class='ocrx_word' id='word_1_111' title='bbox 1002 2017 1274 2063; x_wconf 84' lang='lat' dir='ltr'>inclamare</span> <span class='ocrx_word' id='word_1_112' title='bbox 1301 2017 1530 2076; x_wconf 83' lang='lat' dir='ltr'>clientes,</span> 
     </span>
     <span class='ocr_line' id='line_1_27' title="bbox 323 2092 1467 2157; baseline 0 -18"><span class='ocrx_word' id='word_1_113' title='bbox 323 2093 388 2140; x_wconf 86' lang='lat' dir='ltr'>ad</span> <span class='ocrx_word' id='word_1_114' title='bbox 413 2092 626 2140; x_wconf 87' lang='lat' dir='ltr'>famulos</span> <span class='ocrx_word' id='word_1_115' title='bbox 653 2110 927 2157; x_wconf 84' lang='lat' dir='ltr'>numquam</span> <span class='ocrx_word' id='word_1_116' title='bbox 953 2096 1116 2139; x_wconf 84' lang='lat' dir='ltr'>tristia</span> <span class='ocrx_word' id='word_1_117' title='bbox 1143 2094 1293 2139; x_wconf 84' lang='lat' dir='ltr'>verba</span> <span class='ocrx_word' id='word_1_118' title='bbox 1317 2093 1467 2156; x_wconf 90' lang='lat' dir='ltr'>loqui.</span> 
     </span>
     <span class='ocr_line' id='line_1_28' title="bbox 258 2168 1520 2231; baseline 0 -17"><span class='ocrx_word' id='word_1_119' title='bbox 258 2175 314 2214; x_wconf 90' lang='lat' dir='ltr'>ut</span> <span class='ocrx_word' id='word_1_120' title='bbox 338 2169 561 2231; x_wconf 86' lang='lat' dir='ltr'>placidos</span> <span class='ocrx_word' id='word_1_121' title='bbox 586 2186 766 2227; x_wconf 84' lang='lat' dir='ltr'>mores,</span> <span class='ocrx_word' id='word_1_122' title='bbox 792 2168 1091 2231; x_wconf 89' lang='lat' dir='ltr'>tranquillos</span> <span class='ocrx_word' id='word_1_123' title='bbox 1118 2171 1187 2214; x_wconf 87' lang='lat' dir='ltr'>sic</span> <span class='ocrx_word' id='word_1_124' title='bbox 1213 2168 1321 2214; x_wconf 89' lang='lat' dir='ltr'>cole</span> <span class='ocrx_word' id='word_1_125' title='bbox 1345 2185 1520 2214; x_wconf 87' lang='lat' dir='ltr'>manes</span> 
     </span>
     <span class='ocr_line' id='line_1_29' title="bbox 325 2243 1447 2305; baseline 0 -15"><span class='ocrx_word' id='word_1_126' title='bbox 325 2249 379 2290; x_wconf 89' lang='lat' dir='ltr'>et</span> <span class='ocrx_word' id='word_1_127' title='bbox 404 2261 526 2305; x_wconf 86' lang='lat' dir='ltr'>cape</span> <span class='ocrx_word' id='word_1_128' title='bbox 553 2245 616 2289; x_wconf 85' lang='lat' dir='ltr'>ab</span> <span class='ocrx_word' id='word_1_129' title='bbox 643 2244 868 2289; x_wconf 92' lang='lat' dir='ltr'>Ausonio</span> <span class='ocrx_word' id='word_1_130' title='bbox 893 2260 1093 2300; x_wconf 79' lang='lat' dir='ltr'>munus,</span> <span class='ocrx_word' id='word_1_131' title='bbox 1119 2246 1296 2300; x_wconf 75' lang='lat' dir='ltr'>amice,</span> <span class='ocrx_word' id='word_1_132' title='bbox 1324 2243 1447 2290; x_wconf 83' lang='lat' dir='ltr'>vale.</span> 
     </span>
    </p>
   </div>
   <div class='ocr_carea' id='block_1_10' title="bbox 462 2405 1560 2472">
    <p class='ocr_par' dir='ltr' id='par_1_12' title="bbox 462 2405 1560 2472">
     <span class='ocr_line' id='line_1_30' title="bbox 462 2405 1560 2472; baseline -0.001 -19"><span class='ocrx_word' id='word_1_133' title='bbox 462 2407 813 2453; x_wconf 73' lang='lat' dir='ltr'>1V.—ATTms</span> <span class='ocrx_word' id='word_1_134' title='bbox 854 2407 1055 2452; x_wconf 72' lang='lat' dir='ltr'>PATERA</span> <span class='ocrx_word' id='word_1_135' title='bbox 1093 2405 1309 2472; x_wconf 65' lang='lat' dir='ltr'>[PATER]</span> <span class='ocrx_word' id='word_1_136' title='bbox 1351 2408 1560 2453; x_wconf 75' lang='lat' dir='ltr'>RHETOR</span> 
     </span>
    </p>
   </div>
   <div class='ocr_carea' id='block_1_11' title="bbox 461 2505 1566 2637">
    <p class='ocr_par' dir='ltr' id='par_1_13' title="bbox 461 2505 1566 2637">
     <span class='ocr_line' id='line_1_31' title="bbox 461 2505 1566 2567; baseline 0 -17"><span class='ocrx_word' id='word_1_137' title='bbox 461 2506 668 2550; x_wconf 78' lang='lat' dir='ltr'><strong>AETATE</strong></span> <span class='ocrx_word' id='word_1_138' title='bbox 693 2521 996 2567; x_wconf 86' lang='lat' dir='ltr'>quamquam</span> <span class='ocrx_word' id='word_1_139' title='bbox 1022 2508 1197 2551; x_wconf 83' lang='lat' dir='ltr'>viceris</span> <span class='ocrx_word' id='word_1_140' title='bbox 1224 2505 1385 2551; x_wconf 89' lang='lat' dir='ltr'>dictos</span> <span class='ocrx_word' id='word_1_141' title='bbox 1411 2507 1566 2567; x_wconf 88' lang='lat' dir='ltr'>prius,</span> 
     </span>
     <span class='ocr_line' id='line_1_32' title="bbox 530 2578 1127 2637; baseline 0.002 -12"><span class='ocrx_word' id='word_1_142' title='bbox 530 2580 723 2637; x_wconf 87' lang='lat' dir='ltr'>Patera,</span> <span class='ocrx_word' id='word_1_143' title='bbox 749 2578 888 2625; x_wconf 86' lang='lat' dir='ltr'>fandi</span> <span class='ocrx_word' id='word_1_144' title='bbox 916 2579 1096 2626; x_wconf 87' lang='lat' dir='ltr'>nobilis</span> <span class='ocrx_word' id='word_1_145' title='bbox 1118 2597 1127 2635; x_wconf 90' lang='grc'>;</span> 
     </span>
    </p>
   </div>
   <div class='ocr_carea' id='block_1_12' title="bbox 267 2710 353 2740">
    <p class='ocr_par' dir='ltr' id='par_1_14' title="bbox 267 2710 353 2740">
     <span class='ocr_line' id='line_1_33' title="bbox 267 2710 353 2740; baseline -0.023 0"><span class='ocrx_word' id='word_1_146' title='bbox 267 2710 353 2740; x_wconf 77' lang='lat'>102</span> 
     </span>
    </p>
   </div>
   <div class='ocr_carea' id='block_1_13' title="bbox 1738 1570 1765 1614">
    <p class='ocr_par' dir='ltr' id='par_1_15' title="bbox 1738 1570 1765 1614">
     <span class='ocr_line' id='line_1_34' title="bbox 1738 1570 1765 1614; textangle 90"><span class='ocrx_word' id='word_1_147' title='bbox 1738 1570 1765 1614; x_wconf 62' lang='lat' dir='ltr'>U(</span> 
     </span>
    </p>
   </div>
   <div class='ocr_carea' id='block_1_14' title="bbox 1708 1946 1768 1991">
    <p class='ocr_par' dir='ltr' id='par_1_16' title="bbox 1708 1946 1768 1991">
     <span class='ocr_line' id='line_1_35' title="bbox 1708 1946 1768 1991; baseline 0.017 -1"><span class='ocrx_word' id='word_1_148' title='bbox 1708 1946 1768 1991; x_wconf 88' lang='grc'>10</span> 
     </span>
    </p>
   </div>
  </div>
 </body>
</html>
