1871 3046
832 179 1192 228 AUSONIUS

498 333 602 391 IV„
641 332 1061 380 V.—AeroCH1A
1100 347 1160 377 ET
1196 331 1530 376 ALEXANDRIA

258 443 452 490 TERTIA
480 443 746 490 Phoebeae
770 442 896 489 lauri
921 442 1098 488 domus
1125 441 1429 497 ANTloCHIA,

257 525 416 572 vellet
441 525 742 571 ALEXANDRI
770 528 809 571 si
835 531 1015 587 quarta
1040 523 1236 569 colonia
1261 526 1409 585 poni:

257 608 518 654 ambarum
542 608 680 653 locus
706 624 847 653 unus.
904 614 957 653 et
982 606 1070 652 has
1096 605 1234 651 furor
1259 606 1548 652 ambitionis

257 694 311 736 in
336 697 598 736 certamen
623 693 730 751 agit
756 693 991 736 vitiorum
1015 706 1024 735 :
1062 688 1266 735 turbida
1293 688 1443 750 vulgo

259 778 474 833 utraque
501 777 555 817 et
580 774 795 817 amentis
821 771 995 833 populi
1021 770 1151 816 male
1178 787 1297 817 sana
1322 770 1562 817 tumultu.
1746 771 1774 816 5

258 852 384 899 haec
411 852 528 898 Nilo
552 856 749 898 munita
774 852 909 915 quod
935 859 1013 899 est
1038 855 1343 915 penitusque
1369 855 1584 914 repostis

258 936 514 980 insinuata
537 933 675 991 locis,
702 933 923 980 fecunda
949 942 1002 981 et
1028 941 1140 981 tuta
1165 935 1411 996 superbit,

258 1016 360 1074 illa,
386 1015 521 1079 quod
547 1016 713 1062 infidis
740 1020 1013 1078 opponitur
1038 1016 1236 1062 aemula
1264 1016 1440 1063 Persis.

329 1098 397 1144 Et
421 1114 506 1144 vos
531 1101 603 1144 ite
629 1115 774 1160 pares
803 1098 1165 1161 Macetumque
1190 1098 1423 1145 adtollite
1449 1115 1650 1145 nomen.

260 1196 473 1242 magnus
499 1179 793 1226 Alexander
817 1187 871 1226 te
898 1180 1156 1235 condidit3
1192 1179 1277 1226 illa
1304 1180 1573 1227 Seleucum
1716 1181 1777 1227 10

260 1268 539 1325 nuncupat,
564 1265 845 1324 ingenuum
872 1265 1011 1308 cuius
1036 1261 1134 1308 fuit
1159 1279 1340 1308 ancora
1365 1266 1584 1325 signum,

261 1343 422 1406 qualis
448 1346 617 1389 inusta
643 1343 788 1401 solet,
814 1346 1015 1406 generis
1042 1350 1162 1389 nota
1187 1350 1354 1399 certa3
1392 1360 1483 1406 per
1507 1360 1709 1390 omnem

260 1442 378 1472 nam
403 1425 590 1472 subolis
616 1429 799 1472 seriem
824 1428 995 1471 nativa
1020 1428 1240 1471 cucurrit
1265 1429 1444 1487 imago.

817 1630 1229 1676 VL—Tssssvssms

261 1745 591 1790 ARMIPOTENS
617 1741 809 1788 dudum
837 1740 1081 1787 celebrari
1110 1739 1274 1785 Gallia
1299 1743 1457 1802 gestit

260 1828 681 1888 TREVERICAEque
708 1824 844 1870 urbis
871 1822 1065 1880 solium,
1091 1838 1219 1884 quae
1244 1825 1470 1884 proxima
1497 1821 1675 1868 Rheno

260 1912 396 1972 pacis
423 1914 480 1954 ut
505 1911 557 1953 in
582 1905 781 1952 mediae
807 1907 1001 1967 gremio
1027 1920 1201 1950 secura
1226 1907 1457 1966 quiescit,

260 1994 458 2054 imperii
484 1993 613 2036 vires
639 1987 774 2052 quod
799 1987 907 2044 alit,
933 1986 1068 2049 quod
1094 1990 1248 2033 vestit
1274 1993 1326 2032 et
1351 1994 1524 2034 armat.

259 2074 362 2120 lata
386 2089 477 2136 per
504 2077 773 2118 extentum
798 2075 1101 2132 procurrunt
1125 2071 1325 2114 moenia
1351 2069 1561 2116 collem:
1748 2070 1775 2114 5

260 2156 429 2218 largus
454 2152 729 2216 tranquillo
754 2151 1065 2214 praelabitur
1090 2167 1238 2197 amne
1266 2150 1495 2209 Mosella,

259 2238 538 2300 longinqua
563 2238 866 2297 omnigenae
893 2239 1098 2280 vectans
1125 2236 1407 2279 conmercia
1432 2240 1611 2280 terrae.

317 2362 330 2386 1
362 2361 561 2414 Daphne,
588 2373 692 2399 near
713 2358 922 2406 Antiocln
948 2371 1037 2396 was
1059 2357 1204 2396 famed
1227 2357 1295 2396 for
1315 2358 1374 2397 its
1399 2357 1538 2397 laurel
1559 2371 1706 2410 grove,
1731 2358 1776 2396 in

261 2417 406 2457 Which
427 2429 516 2456 was
537 2429 562 2454 3
584 2414 749 2465 temple
770 2413 815 2452 of
836 2412 1008 2464 Apollo.

316 2471 332 2495 ‘⁴'
362 2471 519 2511 Before
538 2470 613 2509 the
632 2468 753 2508 birth
768 2467 813 2506 of
836 2467 1042 2507 Seleucus
1064 2465 1570 2506 Nicator—afterwards
1590 2466 1777 2506 founder

262 2526 307 2566 of
339 2524 658 2566 Antioch-—his
686 2522 861 2561 mother
893 2521 1081 2560 Laodice
1112 2520 1320 2560 dreamed
1352 2521 1452 2560 that
1483 2522 1558 2560 she
1589 2521 1675 2560 had
1705 2521 1774 2560 be-

261 2585 418 2633 gotten
439 2594 464 2620 a
485 2579 603 2620 child
631 2578 676 2617 of
707 2577 879 2629 Apollo,
915 2576 1013 2615 who
1043 2575 1137 2615 also
1166 2589 1275 2629 gave
1305 2576 1384 2615 her
1413 2590 1438 2615 3
1468 2576 1565 2628 ring
1586 2577 1696 2616 with
1720 2590 1775 2615 an

267 2671 361 2717 270
