1871 3046
847 202 1204 251 AUSONIUS

322 355 817 402 XXX-Pompowm
850 356 1042 402 URBICA
1065 356 1351 401 CONSOCRUS
1378 354 1529 401 UxoR
1555 354 1749 400 IULIANJ

907 423 1148 469 CENSORIS

274 548 354 594 UT
379 551 580 610 generis
606 547 742 604 clari,
769 553 998 592 veterum
1025 549 1093 591 sic
1119 545 1309 591 femina
1333 560 1544 601 morum,

342 629 543 686 Urbicaj
570 629 800 674 Censoris
825 627 1093 673 nobilitata
1116 634 1256 682 toro3

270 714 513 773 ingenitis
538 710 736 772 pollens
762 709 1034 755 virtutibus
1060 715 1308 771 auctaque
1336 715 1389 754 et
1414 707 1528 765 illis,

339 808 460 855 quas
483 792 657 838 docuit
682 793 917 848 coniunx,
944 807 1066 853 quas
1092 797 1238 852 pater
1263 797 1316 837 et
1341 792 1648 852 genetrix——

269 890 392 936 quas
418 873 596 919 habuit
622 873 885 935 Tanaquil,
911 890 1034 936 quas
1062 873 1381 936 Pythagorea
1405 872 1614 918 Theano
1756 873 1783 918 5

338 973 569 1019 quaeque
597 959 704 1002 sine
731 956 969 1018 exemplo
995 959 1047 1001 in
1072 973 1199 1002 nece
1224 955 1401 1002 funeta
1425 958 1530 1001 viri.

269 1046 323 1086 et
347 1040 442 1086 tibi
467 1042 507 1085 si
532 1037 695 1085 fatum
721 1042 791 1084 sic
816 1045 1106 1100 permutare
1133 1037 1377 1095 dedisset,

337 1125 532 1168 viveret
556 1121 652 1167 hoc
678 1127 850 1167 nostro
875 1127 1106 1183 tempore
1133 1120 1321 1166 Censor
1345 1119 1524 1166 adhuc.

271 1210 349 1250 set
373 1219 540 1266 neque
566 1209 623 1249 tu
649 1202 800 1248 viduo
825 1201 1036 1264 longum
1061 1205 1281 1247 cruciata
1307 1202 1398 1247 sub
1424 1217 1548 1247 aevo

338 1288 568 1348 protinus
593 1291 770 1346 optato
795 1283 893 1330 fine
921 1291 1094 1331 secuta
1118 1287 1293 1330 virum.
1725 1283 1784 1329 10

269 1384 438 1414 annua
462 1383 597 1412 nunc
622 1369 828 1412 maestis
854 1365 1060 1412 ferimus
1086 1367 1180 1412 tibi
1206 1369 1337 1412 iusta
1363 1364 1603 1428 querellis

339 1466 454 1495 cum
479 1464 669 1511 genero
696 1455 748 1495 et
773 1451 904 1495 natis
931 1465 1169 1495 consocer
1194 1448 1462 1494 Ausonius.

325 1611 338 1634 1
370 1610 492 1650 Wife
530 1610 575 1650 of
617 1610 693 1650 ‘che
733 1609 853 1649 elder
893 1610 1101 1663 Tarquin,
1142 1609 1418 1650 remarkable
1457 1609 1524 1649 for
1564 1610 1643 1650 her
1675 1609 1783 1662 high

272 1665 402 1719 spirit,
423 1664 510 1705 and
532 1665 599 1704 for
620 1665 723 1704 skill
746 1665 791 1704 in
812 1678 997 1717 augury.

278 2693 340 2737 94
