1871 3046
880 202 1236 250 AUSONIUS

522 378 871 427 V.—AEM1L1A
910 378 1192 423 ComNTfflA
1235 377 1425 423 MAURA
1464 377 1593 423 AviA

300 476 558 523 AEMHAAM
585 495 720 524 nunc
744 478 849 524 fare
875 481 1051 535 aviam,
1079 480 1161 540 pia
1184 493 1302 523 cura
1326 481 1542 539 nepotis,

367 556 586 598 coniunx
612 553 872 615 praedicto
898 569 1026 615 quae
1052 551 1150 598 fuit
1176 552 1402 598 Arborio.

299 643 486 673 nomen
510 627 628 674 huic
653 627 871 674 ioculare
897 627 1088 684 datum,
1116 633 1233 674 cute
1260 626 1399 673 fusca
1425 626 1560 689 quod
1586 627 1705 673 olim

364 702 601 764 aequales
627 706 762 748 inter
790 702 968 748 Maura
992 708 1169 748 vocata
1192 701 1305 750 fuit.

298 776 387 822 sed
411 793 514 821 non
538 783 646 822 atra
670 779 854 833 animo,
881 779 965 837 qui
991 775 1168 821 clarior
1194 782 1328 822 esset
1354 776 1489 822 olore

365 858 418 897 et
442 868 545 897 non
571 850 763 897 calcata
787 853 872 913 qui
898 853 1014 897 nive
1041 850 1312 897 candidior.

298 931 351 971 et
375 942 479 971 non
504 925 698 972 deliciis
724 928 987 988 ignoscere
1013 931 1249 987 prompta
1272 925 1525 987 pudendis

365 1000 430 1047 ad
454 1000 879 1063 perpendiculum
906 1016 1062 1063 seque
1088 1017 1303 1063 suosque
1331 1000 1521 1048 habuit.

296 1074 423 1121 haec
448 1092 530 1122 me
557 1081 884 1138 praereptum
910 1078 1051 1122 cunis
1078 1082 1131 1121 et
1155 1076 1218 1121 ab
1244 1076 1398 1122 ubere
1423 1080 1597 1122 matris

363 1149 550 1196 blanda
576 1151 668 1196 sub
687 1153 900 1196 austeris
925 1149 1091 1196 inbuit
1116 1152 1337 1212 inperiis.
1751 1152 1811 1197 lO

294 1224 592 1288 tranquillos
617 1228 757 1271 aviae
784 1228 980 1272 cineres
1006 1231 1277 1287 praestate,
1304 1228 1462 1288 quieti

363 1306 629 1346 aeternum
653 1316 847 1357 manes,
873 1302 912 1346 si
937 1302 1020 1362 pia
1044 1300 1197 1346 verba
1220 1299 1410 1362 loquor.

1784 778 1812 822 Ul

431 1472 811 1518 VL--Amvnm
862 1472 1085 1518 HILARIA
1136 1472 1454 1517 MATERTERA
1504 1473 1668 1518 Vmoo

940 1539 1146 1585 DEVOTA

294 1629 468 1682 TUQUE
493 1629 653 1692 gradu
679 1632 882 1692 generis
906 1635 1199 1687 matertera,
1226 1629 1315 1675 sed
1340 1632 1448 1676 vice
1474 1633 1646 1676 matris

360 1703 567 1751 adfectu
593 1707 701 1751 nati
726 1703 1165 1751 commemoranda
1190 1707 1289 1766 pio,

294 1779 526 1837 Aemilia,
552 1782 605 1825 in
631 1782 772 1826 cunis
800 1779 966 1825 Hilari
991 1796 1276 1842 cognomen
1300 1779 1502 1842 adepta,

361 1854 496 1918 quod
520 1854 656 1900 laeta
681 1860 734 1900 et
757 1857 902 1916 pueri
928 1857 1081 1900 comis
1107 1853 1170 1900 ad
1197 1853 1431 1917 effigiem,

292 1929 540 1975 reddebas
565 1945 740 1974 verum
766 1945 867 1974 non
893 1928 1270 1974 dissimulanter
1295 1927 1566 1990 ephebum,

359 2081 498 2110 more
524 2068 685 2110 virum
711 2064 920 2110 medicis
945 2064 1135 2110 artibus
1162 2066 1441 2125 experiens.

290 2138 500 2186 feminei
526 2156 674 2186 sexus
700 2140 873 2185 odium
897 2139 991 2185 tibi
1018 2155 1219 2200 semper
1245 2145 1298 2184 et
1322 2139 1443 2184 inde

359 2218 518 2261 crevit
542 2214 757 2260 devotae
783 2216 1087 2275 virginitatis
1113 2230 1263 2260 amor.

291 2305 419 2351 quae
444 2289 538 2335 tibi
564 2295 803 2350 septenos
827 2291 1000 2334 novies
1027 2294 1105 2334 est
1130 2287 1266 2334 culta
1291 2304 1382 2350 per
1406 2304 1563 2334 annos

358 2366 545 2426 quique
567 2367 677 2409 aevi
703 2362 829 2420 finis,
855 2366 963 2425 ipse
989 2363 1277 2424 pudicitiae.
1743 2363 1803 2409 10

346 2485 359 2510 ¹
388 2485 747 2538 Perpendiculmn
783 2487 818 2524 is
857 2499 881 2524 a
922 2487 1108 2525 mason's
1143 2500 1192 2526 or
1226 2486 1494 2538 carpenter’s
1525 2485 1801 2539 plumb-line.

290 2541 382 2581 The
413 2554 530 2581 same
560 2540 718 2593 phrase
748 2541 784 2579 is
814 2540 922 2579 used
953 2540 1236 2594 figuratively
1266 2540 1311 2580 of
1341 2554 1490 2581 severe
1522 2540 1730 2593 morality
1757 2542 1799 2580 in

290 2597 550 2635 Ammianus
578 2594 878 2643 Marcellinus,
904 2606 1032 2634 XXIX.
1061 2596 1104 2635 ii.
1134 2597 1195 2635 16.

291 2676 353 2719 66
