1871 3046
793 190 1149 239 AUSONIUS

421 344 666 391 XL—DE
702 344 888 391 TRIBUS
926 344 1220 390 MENSTRUIS
1257 345 1514 390 MENSUUM

217 455 300 501 Bis
326 471 470 502 senas
494 472 627 501 anno
654 462 854 518 reparat
880 454 1072 500 Lucina
1096 453 1340 500 kalendas

215 538 269 578 et
292 531 509 578 totidem
534 531 726 578 medias
753 531 840 577 dat
866 546 1065 576 currere
1093 529 1324 591 Iuppiter
1347 529 1459 576 idus

214 623 561 669 nonarumque
588 607 723 652 diem
749 606 944 651 faciunt
969 603 1099 649 infra
1123 611 1238 651 octo
1264 605 1487 651 secundi.

214 680 339 727 haec
366 687 484 727 sunt
513 681 736 727 Romano
762 686 964 726 tantum
990 681 1087 725 tria
1111 682 1316 724 nomina
1340 682 1532 735 mensi3

214 762 383 802 cetera
407 771 498 817 per
523 771 758 801 numeros
785 760 905 800 sunt
930 760 1268 815 cognomenta
1293 753 1502 800 dierum.
1697 754 1725 800 5

272 934 701 993 XII.—QU0TEN1
742 934 864 981 DIES
901 950 1011 981 SINT
1051 935 1309 981 MENSUUM
1348 935 1680 982 SINGULORUM

215 1044 434 1090 INPLENT
459 1048 677 1092 tricenas
702 1062 794 1108 per
819 1045 1016 1107 singula
1041 1052 1302 1092 menstrua
1327 1046 1465 1092 luces

214 1120 389 1166 Iunius
415 1120 706 1184 Aprilisque
733 1128 786 1168 et
811 1138 925 1168 cum
951 1121 1253 1184 Septembre
1281 1122 1583 1167 November.

215 1212 371 1241 unum
395 1203 476 1242 ter
501 1196 646 1242 denis
672 1197 974 1243 cumulatius
998 1196 1130 1242 adde
1156 1196 1334 1242 diebus

212 1287 303 1332 per
328 1277 526 1332 septem
551 1288 768 1329 menses,
794 1271 903 1317 Iani
930 1272 1210 1334 Martisque
1236 1271 1467 1317 kalendis

213 1353 267 1392 et
293 1363 414 1409 quas
442 1346 605 1392 Maius
630 1350 754 1408 agit,
780 1363 901 1409 quas
929 1346 1086 1393 Iulius
1114 1346 1476 1409 Augustusque
1698 1347 1726 1392 5

213 1427 267 1467 et
292 1438 413 1484 quas
442 1421 668 1468 October
691 1425 986 1485 positusque
1011 1425 1063 1466 in
1090 1421 1188 1468 fine
1215 1422 1515 1469 December.

211 1512 341 1543 unus
368 1500 465 1543 erit
488 1503 689 1543 tantum
715 1497 1099 1560 duodetriginta
1123 1497 1335 1555 dierum,

213 1587 365 1634 quem
392 1571 558 1617 Numa
584 1575 870 1633 praeposito
895 1572 1054 1618 voluit
1079 1572 1351 1618 succedere
1380 1572 1513 1618 Iano.

213 1649 282 1692 sic
307 1653 387 1692 ter
412 1650 643 1693 centenis
669 1647 839 1693 decies
864 1646 1107 1694 accedere
1134 1664 1280 1694 senos

212 1721 648 1785 quadrantemque
667 1729 720 1769 et
735 1725 960 1785 quinque
977 1721 1084 1768 dies
1102 1723 1194 1768 sibi
1213 1728 1458 1784 conputat
1472 1739 1647 1769 annus.
1666 1723 1727 1770 10

400 1894 738 1953 XIII—Qvo
778 1896 957 1941 MENSE
995 1895 1208 1953 QUOTAE
1246 1897 1427 1942 NONAE
1464 1912 1553 1942 VEL

839 1964 957 2009 IDUS
995 1979 1104 2009 SINT

213 2073 291 2118 AT
316 2089 473 2118 nonas
498 2072 648 2119 modo
673 2079 851 2135 quarta
875 2076 1054 2135 aperit,
1079 2073 1229 2119 modo
1255 2080 1397 2120 sexta
1422 2074 1582 2121 refert
1605 2074 1704 2121 lux.

212 2154 354 2195 sexta
379 2147 537 2194 refert
565 2148 668 2193 Mai
696 2148 930 2195 Octobris
958 2148 1236 2210 Martisque
1262 2165 1466 2195 recursu

213 2230 266 2270 et
291 2227 375 2286 qui
403 2223 617 2270 solstitio
643 2240 730 2269 sua
755 2230 986 2286 tempora
1013 2223 1169 2270 Iulius
1195 2223 1363 2271 infert.

212 2305 382 2345 cetera
406 2316 519 2361 pars
539 2315 776 2358 vmensum
802 2302 991 2361 quartis
1018 2305 1095 2345 est
1121 2300 1350 2361 praedita
1374 2304 1550 2357 nonis3

211 2390 386 2420 omnes
412 2389 529 2420 vero
554 2373 666 2419 idus
691 2380 866 2419 octava
890 2374 1002 2420 luce
1028 2381 1307 2421 recurrunt.
1694 2378 1722 2422 5

268 2540 284 2564 1
314 2540 367 2579 In
391 2540 561 2589 March,
589 2540 710 2592 May,
738 2540 767 2581 J
771 2541 847 2593 uly
870 2542 957 2581 and
981 2541 1171 2582 October
1196 2543 1272 2583 the
1293 2542 1395 2583 Ides
1418 2556 1532 2583 were
1562 2556 1617 2582 on
1646 2543 1723 2583 the

214 2595 333 2643 15th,
357 2595 401 2634 in
424 2595 552 2635 other
568 2595 746 2635 months
767 2609 822 2635 on
844 2597 921 2636 the
943 2597 1060 2646 13‘011,
1081 2611 1128 2638 so
1150 2598 1252 2638 that
1266 2598 1429 2648 Nones,
1449 2598 1580 2651 being
1600 2598 1724 2652 eight

220 2675 312 2720 186
