1871 3046
780 210 1138 257 AUSONIUS

206 340 358 398 nuda,
383 342 491 386 sine
516 345 695 386 ornatu
720 338 962 402 fandique
989 341 1213 384 carentia
1236 337 1375 383 cultu
1397 353 1406 381 ε

274 423 453 469 sufficit
476 420 670 468 inferiis
695 420 970 483 exequialis
994 420 1167 465 honos.

206 509 373 564 nenia,
399 505 623 551 funereis
649 507 768 550 satis
793 503 1007 549 officiosa
1032 501 1286 565 querellis,
1687 498 1713 542 5

271 604 440 633 annua
464 603 530 632 ne
557 589 724 632 tacitis
749 601 961 631 munera
986 590 1289 646 praetereas,

205 686 334 733 quae
362 669 527 715 Numa
552 670 779 729 cognatis
805 666 1069 713 sollemnia
1094 665 1299 711 dedicat
1322 665 1529 721 umbris,

273 758 331 797 ut
363 750 546 813 gradus
572 756 660 795 aut
683 751 858 794 mortis
883 747 1107 810 postulat
1131 754 1219 793 aut
1244 749 1460 808 generis.

206 833 301 878 hoc
327 835 447 878 satis
474 837 552 876 est
577 829 800 886 tumulis,
828 832 946 874 satis
973 835 1051 874 est
1075 828 1272 874 telluris
1298 830 1502 889 egenis:

274 929 395 959 voce
421 916 554 958 ciere
578 914 769 956 animas
793 909 986 956 funeris
1010 913 1169 955 instar
1193 909 1363 955 habet.
1658 908 1718 954 10

207 1001 435 1064 gaudent
460 1001 708 1061 conpositi
734 1001 929 1044 cineres
949 1013 1037 1043 sua
1061 1000 1265 1043 nomina
1291 997 1420 1043 dici:

274 1084 524 1130 frontibus
549 1082 645 1127 hoc
671 1084 868 1143 scriptis
894 1087 948 1127 et
972 1086 1305 1126 monumenta
1328 1081 1521 1129 iubent.

206 1167 292 1214 ille
320 1167 696 1222 etian],‘maesti
722 1166 802 1210 cui
827 1162 993 1208 defuit
1018 1179 1143 1208 urna
1169 1162 1400 1224 sepulcri,

274 1252 480 1295 nomine
505 1254 586 1293 ter
611 1246 748 1292 dicto
773 1262 936 1308 paene
963 1245 1190 1307 sepultus
1217 1248 1326 1291 erit.

208 1339 261 1379 at
284 1339 359 1389 tu,
385 1334 690 1394 quicumque
718 1345 789 1387 es,
813 1328 991 1386 lector,
1016 1332 1102 1391 qui
1126 1328 1231 1374 fata
1255 1345 1482 1375 meorum
1660 1330 1718 1375 15

275 1414 497 1476 dignaris
522 1414 727 1458 maestis
753 1427 1129 1457 conmemorare
1157 1410 1329 1474 elegis,

207 1501 502 1543 inconcussa
526 1502 644 1541 tuae
670 1510 930 1556 percurras
954 1500 1186 1555 tempora
1210 1497 1343 1540 vitae

277 1584 330 1625 et
354 1583 557 1641 praeter
581 1581 769 1623 iustum
795 1575 974 1622 funera
998 1575 1138 1621 nulla
1162 1576 1292 1623 fleas.

577 1754 858 1800 I.—IU1,1us
894 1753 1147 1800 Ausons
1187 1754 1355 1801 PATER

211 1865 403 1911 PRIMUS
428 1868 481 1910 in
506 1864 583 1910 his
607 1870 753 1926 pater
777 1863 1046 1921 Ausonius,
1073 1880 1223 1926 quem
1249 1881 1438 1926 ponere
1464 1868 1698 1927 primum,

277 1950 373 1993 etsi
399 1952 670 1993 cunctetur
694 1945 839 2002 filius,
866 1945 988 1991 ordo
1014 1947 1170 1992 iubet.

208 2046 326 2075 cura
351 2028 451 2085 dei,
478 2027 706 2090 placidae
732 2026 938 2073 functus
964 2027 1099 2089 quod
1126 2027 1316 2074 honore
1343 2035 1580 2075 senectae

275 2110 517 2156 undecies
542 2110 685 2156 binas
710 2111 836 2155 vixit
861 2108 1202 2171 Olympiadas.

208 2195 389 2250 omnia,
418 2207 546 2254 quae
572 2190 746 2247 voluit,
774 2193 859 2252 qui
885 2206 1123 2251 prospera
1147 2190 1304 2236 vidit:
1342 2191 1529 2250 eidem,
1691 2192 1719 2237 5

276 2276 471 2336 optavit
497 2271 759 2336 quidquid,
787 2275 1019 2333 contigit,
1046 2278 1103 2317 ut
1128 2272 1301 2319 voluit.

209 2371 311 2401 non
336 2358 454 2418 quia
478 2353 697 2401 fatorum
723 2357 878 2399 nimia
903 2352 1241 2414 indulgentia,
1268 2354 1357 2400 sed
1382 2354 1517 2417 quod

277 2444 384 2484 tam
408 2435 669 2482 moderata
693 2435 767 2480 illi
792 2441 909 2481 vota
933 2433 1075 2480 fuere
1101 2438 1218 2481 viro.

268 2557 283 2581 ¹
312 2556 380 2597 εἶθ.
418 2557 496 2596 the
528 2526 697 2595 tribute
728 2526 844 2607 paidj
866 2554 925 2607 by
957 2525 1118 2607 calling
1141 2526 1257 2607 upon
1291 2556 1368 2595 the
1407 2569 1535 2596 name
1569 2556 1614 2595 of
1643 2527 1720 2596 tlie

211 2611 325 2652 dead
347 2627 355 2651 ε
388 2625 451 2663 cp.
478 2611 647 2663 Vergil,
674 2609 783 2650 Aen.
810 2610 870 2649 iii.
902 2611 966 2659 68,
991 2610 1047 2648 vi.
1075 2609 1167 2652 507.

213 2692 277 2749 58
