1871 3046
848 197 1205 245 AUSONIUS

1755 327 1783 371 Οἵ

474 329 705 376 sedulum
732 331 926 375 cunctis
951 327 1177 374 studium
1202 326 1435 384 docendi,

475 403 668 450 fructus
694 404 837 450 exilis
862 406 1134 466 tenuisque
1160 418 1353 449 sermo:

474 486 567 537 set,
593 482 710 542 quia
736 485 908 524 nostro
934 478 1152 524 docuere
1178 480 1231 522 in
1257 493 1396 533 aevo,

679 552 1121 599 commemorandi.

474 668 656 710 tertius
682 663 860 709 horum
887 662 1007 708 mihi
1036 680 1139 709 non
1164 666 1421 724 magister,

474 741 633 784 ceteri
658 741 831 799 primis
856 737 1076 784 docuere
1101 742 1154 784 in
1180 741 1340 795 anniS,
1726 737 1786 783 10

475 829 540 859 ne
567 812 727 858 forem
753 829 932 858 vocum
958 812 1095 859 rudis
1121 819 1209 858 aut
1234 812 1477 874 loquendi

677 886 779 933 sicl
808 890 916 933 sine
943 886 1083 934 cultu
1106 905 1114 932 :

475 999 676 1044 obstitit
701 1004 904 1044 nostrae
930 1001 1061 1060 quia,
1089 997 1258 1056 credo,
1283 1003 1469 1046 mentis

476 1072 667 1119 tardior
693 1089 868 1120 sensus
894 1089 1062 1136 neque
1087 1073 1367 1136 disciplinis

477 1147 676 1209 adpulit
702 1147 908 1194 Graecis
934 1148 1142 1210 puerilis
1168 1152 1277 1194 aevi
1727 1149 1786 1195 lo

681 1226 858 1269 noxius
884 1239 1033 1269 error.

477 1334 519 1378 V
522 1333 725 1379 os'levis
753 1350 959 1395 caespes
984 1340 1130 1395 tegat
1157 1341 1209 1380 et
1235 1334 1453 1396 sepulc-ri

476 1415 615 1454 tecssa
641 1407 925 1455 defendani.
951 1411 1146 1455 cineres
1172 1415 1374 1471 opertos

478 1500 533 1529 ac
560 1499 703 1530 meae
730 1486 863 1529 vocis
888 1483 1068 1529 titulus
1094 1499 1384 1546 supremum

683 1558 864 1605 reddat
890 1558 1146 1604 honorem.
1726 1560 1789 1607 20

321 1756 714 1802 IX.——IUCUND0
754 1755 1097 1801 GRAMMATmo
1137 1754 1509 1801 BURDIGALENSI
1549 1755 1741 1802 anrm

935 1823 1129 1868 LEONTI

276 1953 350 1999 ΕΤ
375 1959 444 2010 te,
471 1969 624 2016 quem
651 1952 945 1999 cathedram
971 1959 1166 1998 temere
1193 1968 1457 2014 usurpasse
1483 1952 1719 1999 locuntur

340 2044 528 2074 nomen
554 2031 870 2090 grammatici
896 2043 991 2072 nec
1016 2030 1259 2073 meruisse
1286 2033 1488 2088 putant,

273 2119 394 2149 voce
422 2103 565 2149 ciebo
590 2109 780 2160 tamen,
808 2101 1036 2164 simplex,
1063 2103 1212 2159 bone,
1237 2106 1412 2160 amice,
1440 2102 1637 2161 sodalis,

346 2177 592 2235 Iucunde,
619 2177 715 2223 hoc
740 2180 847 2239 ipso
873 2192 985 2222 care
1010 2179 1170 2238 magis
1195 2176 1363 2223 studio
1384 2193 1392 2222 :

274 2252 428 2315 quod,
453 2255 679 2315 quamvis
704 2255 880 2313 impar,
907 2267 1094 2297 nomen
1118 2258 1224 2297 tam
1248 2251 1418 2298 nobile
1444 2256 1638 2309 amasti,
1757 2254 1785 2298 5

341 2343 394 2373 es
419 2330 627 2373 meritos
653 2330 788 2372 inter
813 2325 1252 2372 commemorande
1278 2330 1419 2372 viros.

814 2459 827 2482 1
866 2457 1049 2509 Peiper:
1084 2462 1167 2506 set,
1203 2459 1247 2498 V.

283 2692 371 2722 112
