1871 3046
805 192 1164 241 AUSONIUS

224 331 331 389 ipsa
357 331 510 373 etiam
536 329 684 374 simili
709 331 945 390 genetrix
972 327 1185 372 obnoxia
1211 328 1387 389 culpae

223 405 355 451 alma
382 406 551 452 Venus
577 413 745 453 tantos
771 411 1009 467 penetrat
1034 421 1208 450 secura
1232 407 1494 452 tumultus=
1675 407 1737 452 :30

225 501 320 530 nec
347 488 691 531 circumvento
717 500 989 546 properans
1017 483 1249 545 suffragia
1275 491 1394 530 nato

224 569 466 609 terrorem
493 567 775 625 ingeminat
800 562 1116 624 stimulisque
1142 562 1377 609 accendit
1402 567 1580 609 amaris

225 644 470 703 ancipites
494 640 647 687 furias
673 644 881 704 natique
907 644 957 685 in
986 644 1193 685 crimina
1220 640 1418 687 confert

225 719 447 765 dedecus
473 723 577 781 ipsa
606 737 767 777 suuni,
795 719 929 782 quod
958 720 1156 765 vincula
1182 736 1330 765 caeca
1355 724 1521 766 mariti

223 798 474 859 deprenso
504 798 732 844 Mavorte
758 798 895 856 tulit,
922 798 1054 860 quod
1083 799 1218 859 pube
1245 798 1485 860 pudenda
1677 801 1738 845 85

227 876 631 938 Hellespontiaci
657 876 852 923 ridetur
877 876 1036 922 forma
1064 877 1245 939 Priapi,

224 955 357 1017 quod
384 955 600 1001 crudelis
627 955 779 1017 Eryx,
805 955 939 1017 quod
965 959 1165 1001 semivir
1192 957 1667 1018 Hermaphroditus.

223 1048 317 1078 nec
344 1036 462 1078 satis
489 1036 540 1077 in
566 1033 730 1078 verbis
752 1049 761 1077 :
800 1049 941 1078 roseo
968 1033 1140 1079 Venus
1165 1050 1315 1080 aurea
1341 1041 1475 1080 serto

223 1118 538 1157 maerentem
565 1111 732 1173 pulsat
757 1128 970 1173 puerum
997 1118 1049 1157 et
1073 1116 1299 1173 graviora
1326 1120 1610 1174 paventem.

225 1189 311 1235 olli
338 1206 648 1251 purpureum
674 1190 896 1236 mulcato
923 1206 1128 1252 corpore
1154 1207 1316 1237 rorem
1680 1195 1741 1241 90

225 1268 387 1314 sutilis
415 1272 663 1330 expressit
689 1270 863 1315 crebro
892 1286 1001 1315 rosa
1029 1270 1252 1327 verbere,
1279 1287 1407 1333 quae
1434 1275 1530 1316 iam

223 1350 385 1393 tincta
412 1350 545 1408 prius
570 1351 725 1394 traxit
751 1347 957 1393 rutilum
984 1351 1144 1410 magis
1169 1352 1319 1410 ignea
1346 1348 1530 1395 fucum.

224 1425 343 1472 inde
369 1433 537 1472 truces
563 1427 791 1472 cecidere
817 1430 987 1476 minae
1013 1427 1336 1489 vindictaque
1361 1432 1519 1474 maior

226 1507 434 1550 crimine
462 1508 563 1550 visa
589 1521 693 1562 SUO,
721 1505 975 1551 Venerem
1002 1504 1193 1551 factura
1220 1512 1505 1552 nocentem.

225 1586 361 1644 ipsae
388 1583 716 1629 intercedunt
741 1583 974 1629 heroides
1002 1591 1054 1629 et
1080 1600 1167 1629 sua
1192 1601 1421 1647 quaeque
1678 1589 1738 1632 95

225 1661 403 1707 funera
430 1661 621 1707 crudeli
646 1662 844 1708 malunt
868 1662 1152 1708 adscribere
1178 1661 1295 1708 fato.

227 1746 337 1786 tum
362 1747 531 1802 grates
557 1744 639 1802 pia
662 1747 825 1786 mater
849 1744 956 1801 agit
982 1744 1188 1786 cessisse
1215 1740 1450 1787 dolentes

227 1825 280 1864 et
306 1818 614 1865 condonatas
638 1835 795 1880 puero
820 1819 1079 1865 dimittere
1106 1819 1290 1881 culpas.

295 1896 435 1941 Talia
460 1900 719 1943 nocturnis
745 1897 862 1942 olim
891 1897 1153 1943 simulacra
1179 1898 1348 1959 figuris

229 1981 470 2020 exercent
495 1975 745 2036 trepidam
773 1992 910 2021 casso
938 1982 1129 2021 terrore
1157 1979 1397 2038 quietem,
1647 1978 1739 2024 100

227 2069 354 2115 quae
382 2059 646 2115 postquam
672 2053 831 2099 multa
858 2070 1126 2115 perpessus
1152 2061 1303 2100 nocte
1331 2055 1525 2117 Cupido

227 2131 422 2193 effugit,
447 2132 589 2193 pulsa
614 2132 822 2180 tandem
850 2133 1065 2193 caligine
1092 2137 1252 2178 somni

227 2210 393 2256 evolat
417 2210 479 2256 ad
507 2227 712 2272 superos
738 2218 982 2273 portaque
1010 2210 1179 2256 evadit
1205 2212 1407 2257 eburna.

284 2354 295 2377 ¹
328 2354 407 2394 See
433 2354 633 2405 Odys-*wigs-

283 2412 298 2432 ”-’
329 2409 414 2449 Son
446 2410 491 2447 of
523 2409 671 2448 Venus
701 2409 787 2448 and
813 2410 1017 2461 Mercury
1043 2412 1108 2457 (or
1131 2410 1359 2459 Bacchus).
1425 2411 1493 2450 He
1516 2424 1603 2450 was
1631 2412 1738 2451 born

229 2469 277 2503 at
300 2464 565 2515 Lampsacus
589 2465 740 2513 (hence
763 2464 903 2503 called
928 2464 1298 2516 Hellespontum),
1325 2464 1411 2504 and
1437 2479 1524 2505 was
1547 2466 1623 2506 the
1653 2466 1737 2518 god

228 2518 274 2558 of
294 2517 496 2570 gardmm,
524 2519 601 2558 the
625 2523 767 2557 terror
787 2518 831 2557 of
853 2518 973 2557 birds
994 2518 1079 2557 and
1104 2519 1286 2558 thieves.

234 2694 327 2735 214
