<?xml version="1.0" encoding="UTF-8"?>
<!DOCTYPE html PUBLIC "-//W3C//DTD XHTML 1.0 Transitional//EN"
    "http://www.w3.org/TR/xhtml1/DTD/xhtml1-transitional.dtd">
<html xmlns="http://www.w3.org/1999/xhtml" xml:lang="en" lang="en">
 <head>
  <title>
</title>
<meta http-equiv="Content-Type" content="text/html;charset=utf-8" />
  <meta name='ocr-system' content='tesseract 3.04.00' />
  <meta name='ocr-capabilities' content='ocr_page ocr_carea ocr_par ocr_line ocrx_word'/>
</head>
<body>
  <div class='ocr_page' id='page_1' title='image "ausonius00auso_0342.png"; bbox 0 0 1871 3046; ppageno 0'>
   <div class='ocr_carea' id='block_1_1' title="bbox 776 630 1203 689">
    <p class='ocr_par' dir='ltr' id='par_1_1' title="bbox 776 630 1203 689">
     <span class='ocr_line' id='line_1_1' title="bbox 776 630 1203 689; baseline -0.009 0"><span class='ocrx_word' id='word_1_1' title='bbox 776 631 1033 689; x_wconf 89' lang='lat' dir='ltr'><strong>LIBER</strong></span> <span class='ocrx_word' id='word_1_2' title='bbox 1083 630 1203 686; x_wconf 83' lang='lat' dir='ltr'><strong>XII</strong></span> 
     </span>
    </p>
   </div>
   <div class='ocr_carea' id='block_1_2' title="bbox 656 797 1323 845">
    <p class='ocr_par' dir='ltr' id='par_1_2' title="bbox 656 797 1323 845">
     <span class='ocr_line' id='line_1_2' title="bbox 656 797 1323 845; baseline -0.003 -1"><span class='ocrx_word' id='word_1_3' title='bbox 656 797 1323 845; x_wconf 88' lang='lat' dir='ltr'>TECHNOPAEGNION</span> 
     </span>
    </p>
   </div>
   <div class='ocr_carea' id='block_1_3' title="bbox 573 961 1414 1129">
    <p class='ocr_par' dir='ltr' id='par_1_3' title="bbox 573 961 1414 1129">
     <span class='ocr_line' id='line_1_3' title="bbox 794 961 1194 1008; baseline 0 -2"><span class='ocrx_word' id='word_1_4' title='bbox 794 961 1194 1008; x_wconf 77' lang='lat' dir='ltr'><strong>I.—PRAEFAT10</strong></span> 
     </span>
     <span class='ocr_line' id='line_1_4' title="bbox 573 1075 1414 1129; baseline 0 0"><span class='ocrx_word' id='word_1_5' title='bbox 573 1075 833 1129; x_wconf 41' lang='lat' dir='ltr'><strong>Aosons&#39;</strong></span> <span class='ocrx_word' id='word_1_6' title='bbox 867 1083 1063 1128; x_wconf 79' lang='lat' dir='ltr'>PACATO</span> <span class='ocrx_word' id='word_1_7' title='bbox 1103 1083 1414 1129; x_wconf 74' lang='lat' dir='ltr'><strong>PnocoNsum</strong></span> 
     </span>
    </p>
   </div>
   <div class='ocr_carea' id='block_1_4' title="bbox 232 1203 1750 1356">
    <p class='ocr_par' dir='ltr' id='par_1_4' title="bbox 232 1203 1750 1356">
     <span class='ocr_line' id='line_1_5' title="bbox 302 1203 1749 1266; baseline -0.001 -15"><span class='ocrx_word' id='word_1_8' title='bbox 302 1204 416 1251; x_wconf 77' lang='lat' dir='ltr'><strong>Solo</strong></span> <span class='ocrx_word' id='word_1_9' title='bbox 455 1204 579 1250; x_wconf 86' lang='lat' dir='ltr'><strong>mihi</strong></span> <span class='ocrx_word' id='word_1_10' title='bbox 618 1210 742 1266; x_wconf 86' lang='lat' dir='ltr'><strong>aput</strong></span> <span class='ocrx_word' id='word_1_11' title='bbox 779 1204 901 1250; x_wconf 88' lang='lat' dir='ltr'><strong>alios</strong></span> <span class='ocrx_word' id='word_1_12' title='bbox 940 1220 1030 1266; x_wconf 90' lang='lat' dir='ltr'><strong>pro</strong></span> <span class='ocrx_word' id='word_1_13' title='bbox 1072 1203 1255 1250; x_wconf 83' lang='lat' dir='ltr'><strong>laboris</strong></span> <span class='ocrx_word' id='word_1_14' title='bbox 1298 1204 1503 1250; x_wconf 86' lang='lat' dir='ltr'><strong>modulo</strong></span> <span class='ocrx_word' id='word_1_15' title='bbox 1546 1203 1749 1250; x_wconf 84' lang='lat' dir='ltr'><strong>laudem</strong></span> 
     </span>
     <span class='ocr_line' id='line_1_6' title="bbox 232 1292 1750 1356; baseline -0.001 -16"><span class='ocrx_word' id='word_1_16' title='bbox 232 1311 334 1340; x_wconf 88' lang='lat' dir='ltr'><strong>non</strong></span> <span class='ocrx_word' id='word_1_17' title='bbox 359 1310 504 1356; x_wconf 88' lang='lat' dir='ltr'><strong>posse</strong></span> <span class='ocrx_word' id='word_1_18' title='bbox 529 1292 820 1356; x_wconf 81' lang='lat' dir='ltr'><strong>procedere.</strong></span> <span class='ocrx_word' id='word_1_19' title='bbox 895 1310 1045 1355; x_wconf 87' lang='lat' dir='ltr'><strong>quam</strong></span> <span class='ocrx_word' id='word_1_20' title='bbox 1082 1299 1256 1339; x_wconf 85' lang='lat' dir='ltr'><strong>tamen</strong></span> <span class='ocrx_word' id='word_1_21' title='bbox 1294 1296 1333 1339; x_wconf 93' lang='lat' dir='ltr'><strong>si</strong></span> <span class='ocrx_word' id='word_1_22' title='bbox 1369 1300 1426 1340; x_wconf 88' lang='lat' dir='ltr'><strong>tu</strong></span> <span class='ocrx_word' id='word_1_23' title='bbox 1464 1293 1750 1351; x_wconf 84' lang='lat' dir='ltr'><strong>indulseris,</strong></span> 
     </span>
    </p>
   </div>
   <div class='ocr_carea' id='block_1_5' title="bbox 234 1380 1593 1554">
    <p class='ocr_par' dir='ltr' id='par_1_5' title="bbox 234 1380 1593 1554">
     <span class='ocr_line' id='line_1_7' title="bbox 234 1380 1017 1430; baseline -0.004 -1"><span class='ocrx_word' id='word_1_24' title='bbox 234 1390 291 1430; x_wconf 89' lang='lat' dir='ltr'><strong>ut</strong></span> <span class='ocrx_word' id='word_1_25' title='bbox 315 1387 386 1430; x_wconf 89' lang='lat' dir='ltr'><strong>ait</strong></span> <span class='ocrx_word' id='word_1_26' title='bbox 411 1382 649 1428; x_wconf 85' lang='lat' dir='ltr'><strong>Afranius</strong></span> <span class='ocrx_word' id='word_1_27' title='bbox 676 1385 727 1427; x_wconf 91' lang='lat' dir='ltr'><strong>in</strong></span> <span class='ocrx_word' id='word_1_28' title='bbox 754 1380 1017 1427; x_wconf 84' lang='lat' dir='ltr'><strong>Thaide—</strong></span> 
     </span>
     <span class='ocr_line' id='line_1_8' title="bbox 386 1492 1593 1554; baseline 0 -16"><span class='ocrx_word' id='word_1_29' title='bbox 386 1493 630 1538; x_wconf 87' lang='lat' dir='ltr'><strong>Maiorem</strong></span> <span class='ocrx_word' id='word_1_30' title='bbox 656 1492 857 1538; x_wconf 86' lang='lat' dir='ltr'><strong>laudem</strong></span> <span class='ocrx_word' id='word_1_31' title='bbox 886 1509 1035 1554; x_wconf 86' lang='lat' dir='ltr'><strong>quam</strong></span> <span class='ocrx_word' id='word_1_32' title='bbox 1063 1492 1287 1539; x_wconf 79' lang='lat' dir='ltr'><strong>laborem</strong></span> <span class='ocrx_word' id='word_1_33' title='bbox 1313 1493 1593 1540; x_wconf 78' lang='lat' dir='ltr'><strong>invener0.1</strong></span> 
     </span>
    </p>
   </div>
   <div class='ocr_carea' id='block_1_6' title="bbox 228 1603 1747 2289">
    <p class='ocr_par' dir='ltr' id='par_1_6' title="bbox 228 1603 1747 2289">
     <span class='ocr_line' id='line_1_9' title="bbox 231 1603 1747 1668; baseline -0.001 -17"><span class='ocrx_word' id='word_1_34' title='bbox 231 1621 359 1668; x_wconf 90' lang='lat' dir='ltr'><strong>quae</strong></span> <span class='ocrx_word' id='word_1_35' title='bbox 399 1605 622 1650; x_wconf 89' lang='lat' dir='ltr'><strong>lecturus</strong></span> <span class='ocrx_word' id='word_1_36' title='bbox 662 1621 715 1650; x_wconf 90' lang='lat' dir='ltr'><strong>es</strong></span> <span class='ocrx_word' id='word_1_37' title='bbox 754 1604 1097 1666; x_wconf 83' lang='lat' dir='ltr'><strong>monosyllaba</strong></span> <span class='ocrx_word' id='word_1_38' title='bbox 1141 1610 1273 1661; x_wconf 87' lang='lat' dir='ltr'><strong>sunt,</strong></span> <span class='ocrx_word' id='word_1_39' title='bbox 1315 1607 1455 1667; x_wconf 80' lang='lat' dir='ltr'>quasi</span> <span class='ocrx_word' id='word_1_40' title='bbox 1500 1603 1747 1666; x_wconf 77' lang='lat' dir='ltr'><strong>quaedam</strong></span> 
     </span>
     <span class='ocr_line' id='line_1_10' title="bbox 231 1692 1746 1756; baseline -0.001 -16"><span class='ocrx_word' id='word_1_41' title='bbox 231 1701 421 1756; x_wconf 87' lang='lat' dir='ltr'><strong>puncta</strong></span> <span class='ocrx_word' id='word_1_42' title='bbox 445 1709 763 1739; x_wconf 82' lang='lat' dir='ltr'><strong>sermonum:</strong></span> <span class='ocrx_word' id='word_1_43' title='bbox 802 1696 854 1737; x_wconf 92' lang='lat' dir='ltr'><strong>in</strong></span> <span class='ocrx_word' id='word_1_44' title='bbox 881 1693 1060 1754; x_wconf 89' lang='lat' dir='ltr'><strong>quibus</strong></span> <span class='ocrx_word' id='word_1_45' title='bbox 1098 1693 1267 1738; x_wconf 85' lang='lat' dir='ltr'><strong>nullus</strong></span> <span class='ocrx_word' id='word_1_46' title='bbox 1304 1692 1570 1739; x_wconf 76' lang='lat' dir='ltr'><strong>facundiae</strong></span> <span class='ocrx_word' id='word_1_47' title='bbox 1608 1693 1746 1739; x_wconf 88' lang='lat' dir='ltr'><strong>locus</strong></span> 
     </span>
     <span class='ocr_line' id='line_1_11' title="bbox 231 1781 1745 1844; baseline -0.001 -15"><span class='ocrx_word' id='word_1_48' title='bbox 231 1789 324 1839; x_wconf 90' lang='lat' dir='ltr'><strong>est,</strong></span> <span class='ocrx_word' id='word_1_49' title='bbox 368 1799 606 1828; x_wconf 86' lang='lat' dir='ltr'><strong>sensuum</strong></span> <span class='ocrx_word' id='word_1_50' title='bbox 654 1781 794 1827; x_wconf 88' lang='lat' dir='ltr'><strong>nulla</strong></span> <span class='ocrx_word' id='word_1_51' title='bbox 843 1785 1126 1843; x_wconf 71' lang='lat' dir='ltr'><strong>conceptio,</strong></span> <span class='ocrx_word' id='word_1_52' title='bbox 1176 1785 1465 1844; x_wconf 77' lang='lat' dir='ltr'><strong>propositio,</strong></span> <span class='ocrx_word' id='word_1_53' title='bbox 1510 1781 1745 1839; x_wconf 76' lang='lat' dir='ltr'><strong>redditio,</strong></span> 
     </span>
     <span class='ocr_line' id='line_1_12' title="bbox 230 1870 1744 1934; baseline 0 -17"><span class='ocrx_word' id='word_1_54' title='bbox 230 1871 485 1918; x_wconf 80' lang='lat' dir='ltr'><strong>conclusio</strong></span> <span class='ocrx_word' id='word_1_55' title='bbox 509 1871 707 1934; x_wconf 91' lang='lat' dir='ltr'><strong>aliaque</strong></span> <span class='ocrx_word' id='word_1_56' title='bbox 734 1870 1022 1932; x_wconf 84' lang='lat' dir='ltr'><strong>sophistica,</strong></span> <span class='ocrx_word' id='word_1_57' title='bbox 1058 1887 1186 1933; x_wconf 86' lang='lat' dir='ltr'><strong>quae</strong></span> <span class='ocrx_word' id='word_1_58' title='bbox 1223 1873 1276 1916; x_wconf 90' lang='lat' dir='ltr'><strong>in</strong></span> <span class='ocrx_word' id='word_1_59' title='bbox 1313 1887 1414 1916; x_wconf 89' lang='lat' dir='ltr'><strong>uno</strong></span> <span class='ocrx_word' id='word_1_60' title='bbox 1451 1887 1596 1916; x_wconf 90' lang='lat' dir='ltr'><strong>versu</strong></span> <span class='ocrx_word' id='word_1_61' title='bbox 1636 1887 1744 1917; x_wconf 87' lang='lat' dir='ltr'><strong>esse</strong></span> 
     </span>
     <span class='ocr_line' id='line_1_13' title="bbox 230 1959 1745 2021; baseline 0 -17"><span class='ocrx_word' id='word_1_62' title='bbox 230 1977 331 2006; x_wconf 90' lang='lat' dir='ltr'><strong>non</strong></span> <span class='ocrx_word' id='word_1_63' title='bbox 356 1966 596 2021; x_wconf 86' lang='lat' dir='ltr'><strong>possunt:</strong></span> <span class='ocrx_word' id='word_1_64' title='bbox 635 1966 712 2006; x_wconf 88' lang='lat' dir='ltr'><strong>set</strong></span> <span class='ocrx_word' id='word_1_65' title='bbox 738 1959 1013 2004; x_wconf 81' lang='lat' dir='ltr'><strong>cohaerent</strong></span> <span class='ocrx_word' id='word_1_66' title='bbox 1040 1962 1126 2015; x_wconf 79' lang='lat' dir='ltr'><strong>ita,</strong></span> <span class='ocrx_word' id='word_1_67' title='bbox 1153 1965 1210 2005; x_wconf 88' lang='lat' dir='ltr'><strong>ut</strong></span> <span class='ocrx_word' id='word_1_68' title='bbox 1244 1959 1416 2004; x_wconf 86' lang='lat' dir='ltr'><strong>circuli</strong></span> <span class='ocrx_word' id='word_1_69' title='bbox 1454 1965 1745 2005; x_wconf 81' lang='lat' dir='ltr'><strong>catenarum</strong></span> 
     </span>
     <span class='ocr_line' id='line_1_14' title="bbox 229 2047 1746 2111; baseline -0.002 -16"><span class='ocrx_word' id='word_1_70' title='bbox 229 2052 459 2111; x_wconf 84' lang='lat' dir='ltr'><strong>separati.</strong></span> <span class='ocrx_word' id='word_1_71' title='bbox 535 2055 588 2094; x_wconf 87' lang='lat' dir='ltr'><strong>et</strong></span> <span class='ocrx_word' id='word_1_72' title='bbox 625 2047 773 2093; x_wconf 88' lang='lat' dir='ltr'><strong>simul</strong></span> <span class='ocrx_word' id='word_1_73' title='bbox 810 2047 1059 2093; x_wconf 85' lang='lat' dir='ltr'><strong>ludicrum</strong></span> <span class='ocrx_word' id='word_1_74' title='bbox 1090 2047 1387 2109; x_wconf 87' lang='lat' dir='ltr'><strong>opusculum</strong></span> <span class='ocrx_word' id='word_1_75' title='bbox 1412 2051 1568 2104; x_wconf 83' lang='lat' dir='ltr'><strong>texui,</strong></span> <span class='ocrx_word' id='word_1_76' title='bbox 1595 2047 1746 2093; x_wconf 91' lang='lat' dir='ltr'><strong>ordiri</strong></span> 
     </span>
     <span class='ocr_line' id='line_1_15' title="bbox 228 2136 1744 2193; baseline -0.001 -9"><span class='ocrx_word' id='word_1_77' title='bbox 228 2137 503 2184; x_wconf 86' lang='lat' dir='ltr'><strong>maiuscula</strong></span> <span class='ocrx_word' id='word_1_78' title='bbox 527 2137 702 2183; x_wconf 80' lang='lat' dir='ltr'><strong>solitus</strong></span> <span class='ocrx_word' id='word_1_79' title='bbox 723 2155 732 2183; x_wconf 74' lang='grc' dir='ltr'>ε</span> <span class='ocrx_word' id='word_1_80' title='bbox 771 2143 849 2182; x_wconf 90' lang='lat' dir='ltr'><strong>set</strong></span> <span class='ocrx_word' id='word_1_81' title='bbox 884 2141 913 2161; x_wconf 81' lang='lat'><em>“</em></span> <span class='ocrx_word' id='word_1_82' title='bbox 930 2139 982 2181; x_wconf 87' lang='lat' dir='ltr'><strong>in</strong></span> <span class='ocrx_word' id='word_1_83' title='bbox 1012 2140 1156 2182; x_wconf 84' lang='lat' dir='ltr'><strong>tenui</strong></span> <span class='ocrx_word' id='word_1_84' title='bbox 1189 2136 1346 2193; x_wconf 84' lang='lat' dir='ltr'><strong>labor,</strong></span> <span class='ocrx_word' id='word_1_85' title='bbox 1370 2143 1424 2182; x_wconf 85' lang='lat' dir='ltr'><strong>at</strong></span> <span class='ocrx_word' id='word_1_86' title='bbox 1448 2153 1549 2181; x_wconf 87' lang='lat' dir='ltr'><strong>non</strong></span> <span class='ocrx_word' id='word_1_87' title='bbox 1575 2139 1744 2182; x_wconf 87' lang='lat' dir='ltr'><strong>tenuis</strong></span> 
     </span>
     <span class='ocr_line' id='line_1_16' title="bbox 228 2225 1739 2289; baseline 0 -17"><span class='ocrx_word' id='word_1_88' title='bbox 228 2226 472 2289; x_wconf 82' lang='lat' dir='ltr'><strong>glor-ia,’&#39;2</strong></span> <span class='ocrx_word' id='word_1_89' title='bbox 520 2230 559 2272; x_wconf 92' lang='lat' dir='ltr'><strong>si</strong></span> <span class='ocrx_word' id='word_1_90' title='bbox 607 2226 897 2288; x_wconf 83' lang='lat' dir='ltr'><strong>probantur.</strong></span> <span class='ocrx_word' id='word_1_91' title='bbox 978 2232 1035 2271; x_wconf 82' lang='lat' dir='ltr'><strong>tu</strong></span> <span class='ocrx_word' id='word_1_92' title='bbox 1078 2225 1248 2284; x_wconf 87' lang='lat' dir='ltr'><strong>facies,</strong></span> <span class='ocrx_word' id='word_1_93' title='bbox 1292 2233 1350 2272; x_wconf 85' lang='lat' dir='ltr'><strong>ut</strong></span> <span class='ocrx_word' id='word_1_94' title='bbox 1392 2229 1494 2272; x_wconf 88' lang='lat' dir='ltr'><strong>sint</strong></span> <span class='ocrx_word' id='word_1_95' title='bbox 1537 2225 1739 2288; x_wconf 87' lang='lat' dir='ltr'><strong>aliquid.</strong></span> 
     </span>
    </p>
   </div>
   <div class='ocr_carea' id='block_1_7' title="bbox 229 2314 1741 2377">
    <p class='ocr_par' dir='ltr' id='par_1_7' title="bbox 229 2314 1741 2377">
     <span class='ocr_line' id='line_1_17' title="bbox 229 2314 1741 2377; baseline -0.001 -17"><span class='ocrx_word' id='word_1_96' title='bbox 229 2332 346 2360; x_wconf 88' lang='lat' dir='ltr'><strong>nam</strong></span> <span class='ocrx_word' id='word_1_97' title='bbox 372 2319 479 2362; x_wconf 92' lang='lat' dir='ltr'><strong>sine</strong></span> <span class='ocrx_word' id='word_1_98' title='bbox 506 2321 557 2360; x_wconf 88' lang='lat' dir='ltr'><strong>te</strong></span> <span class='ocrx_word' id='word_1_99' title='bbox 583 2314 929 2377; x_wconf 84' lang='lat' dir='ltr'><strong>monosyllaba</strong></span> <span class='ocrx_word' id='word_1_100' title='bbox 955 2321 1106 2360; x_wconf 88' lang='lat' dir='ltr'><strong>erunt</strong></span> <span class='ocrx_word' id='word_1_101' title='bbox 1132 2314 1211 2360; x_wconf 88' lang='lat' dir='ltr'><strong>vel</strong></span> <span class='ocrx_word' id='word_1_102' title='bbox 1238 2318 1277 2360; x_wconf 92' lang='lat' dir='ltr'><strong>si</strong></span> <span class='ocrx_word' id='word_1_103' title='bbox 1303 2315 1423 2376; x_wconf 88' lang='lat' dir='ltr'><strong>quid</strong></span> <span class='ocrx_word' id='word_1_104' title='bbox 1449 2317 1627 2360; x_wconf 85' lang='lat' dir='ltr'><strong>minus.</strong></span> <span class='ocrx_word' id='word_1_105' title='bbox 1690 2317 1741 2359; x_wconf 93' lang='lat' dir='ltr'><strong>in</strong></span> 
     </span>
    </p>
   </div>
   <div class='ocr_carea' id='block_1_8' title="bbox 354 2443 1615 2498">
    <p class='ocr_par' dir='ltr' id='par_1_8' title="bbox 354 2443 1615 2498">
     <span class='ocr_line' id='line_1_18' title="bbox 354 2443 1615 2498; baseline -0.002 -13"><span class='ocrx_word' id='word_1_106' title='bbox 354 2446 369 2470; x_wconf 84' lang='lat'>¹</span> <span class='ocrx_word' id='word_1_107' title='bbox 397 2446 505 2498; x_wconf 81' lang='lat' dir='ltr'><strong>frag.</strong></span> <span class='ocrx_word' id='word_1_108' title='bbox 532 2447 558 2484; x_wconf 81' lang='lat'>2</span> <span class='ocrx_word' id='word_1_109' title='bbox 579 2446 657 2494; x_wconf 78' lang='lat' dir='ltr'><strong>(ed.</strong></span> <span class='ocrx_word' id='word_1_110' title='bbox 685 2444 916 2495; x_wconf 81' lang='lat' dir='ltr'><strong>Ribbeck).</strong></span> <span class='ocrx_word' id='word_1_111' title='bbox 1089 2443 1106 2467; x_wconf 80' lang='lat'>2</span> <span class='ocrx_word' id='word_1_112' title='bbox 1134 2444 1294 2497; x_wconf 70' lang='lat' dir='ltr'><strong>virgil,</strong></span> <span class='ocrx_word' id='word_1_113' title='bbox 1322 2444 1471 2495; x_wconf 70' lang='lat' dir='ltr'><strong>Geory.</strong></span> <span class='ocrx_word' id='word_1_114' title='bbox 1494 2445 1550 2484; x_wconf 88' lang='lat' dir='ltr'><strong>iv.</strong></span> <span class='ocrx_word' id='word_1_115' title='bbox 1577 2445 1615 2484; x_wconf 89' lang='lat'><strong>6.</strong></span> 
     </span>
    </p>
   </div>
   <div class='ocr_carea' id='block_1_9' title="bbox 417 2582 1546 2635">
    <p class='ocr_par' dir='ltr' id='par_1_9' title="bbox 417 2582 1546 2635">
     <span class='ocr_line' id='line_1_19' title="bbox 417 2582 1546 2635; baseline -0.001 -11"><span class='ocrx_word' id='word_1_116' title='bbox 417 2586 432 2609; x_wconf 85' lang='lat'>¹</span> <span class='ocrx_word' id='word_1_117' title='bbox 464 2585 593 2624; x_wconf 83' lang='lat' dir='ltr'><strong>From</strong></span> <span class='ocrx_word' id='word_1_118' title='bbox 613 2585 746 2634; x_wconf 81' lang='grc' dir='ltr'>τέχνη</span> <span class='ocrx_word' id='word_1_119' title='bbox 767 2583 853 2622; x_wconf 87' lang='lat' dir='ltr'><strong>and</strong></span> <span class='ocrx_word' id='word_1_120' title='bbox 875 2583 1074 2633; x_wconf 75' lang='grc' dir='ltr'>παίγνιον,</span> <span class='ocrx_word' id='word_1_121' title='bbox 1095 2597 1119 2622; x_wconf 83' lang='lat' dir='ltr'><strong>a</strong></span> <span class='ocrx_word' id='word_1_122' title='bbox 1144 2586 1172 2604; x_wconf 78' lang='lat'><strong>‘⁶</strong></span> <span class='ocrx_word' id='word_1_123' title='bbox 1188 2596 1312 2635; x_wconf 87' lang='lat' dir='ltr'><strong>game</strong></span> <span class='ocrx_word' id='word_1_124' title='bbox 1333 2582 1377 2622; x_wconf 91' lang='lat' dir='ltr'><strong>of</strong></span> <span class='ocrx_word' id='word_1_125' title='bbox 1397 2582 1546 2623; x_wconf 83' lang='lat' dir='ltr'><strong>skill.”</strong></span> 
     </span>
    </p>
   </div>
   <div class='ocr_carea' id='block_1_10' title="bbox 232 2672 326 2716">
    <p class='ocr_par' dir='ltr' id='par_1_10' title="bbox 232 2672 326 2716">
     <span class='ocr_line' id='line_1_20' title="bbox 232 2672 326 2716; baseline -0.011 0"><span class='ocrx_word' id='word_1_126' title='bbox 232 2672 326 2716; x_wconf 81' lang='lat'><strong>286</strong></span> 
     </span>
    </p>
   </div>
  </div>
 </body>
</html>
