1871 3046
818 201 1176 249 AUSONIUS

238 349 329 380 nos
357 332 419 380 ad
446 338 810 396 grammaticen
837 322 1062 383 studium
1089 339 1430 382 convertimus
1454 341 1507 382 et
1531 350 1647 380 mox
1691 334 1750 380 15

306 415 585 464 rhetorices
611 421 783 476 etiam,
807 418 941 481 quod
968 421 1105 475 satis,
1129 420 1406 479 attigimus.

238 496 466 544 nec'fora
491 515 595 545 non
620 499 875 546 celebrata
900 499 1041 556 mihi,
1067 505 1146 545 set
1172 515 1289 544 cura
1314 498 1531 544 docendi

308 579 502 638 cultior,
530 588 583 627 et
608 597 795 627 nomen
820 584 1137 643 grammatici
1162 583 1322 626 merui

238 677 342 707 non
367 667 473 708 tam
498 663 691 725 grande
717 662 939 724 quidem,
965 678 1064 724 quo
1090 662 1247 723 gloria
1271 667 1442 707 nostra
1467 662 1662 707 subiret

309 744 584 790 Aemilium
609 751 697 790 aut
722 743 964 790 Scaurum
992 743 1318 806 Berytiumve
1348 743 1580 800 Probum,
1689 742 1750 788 20

239 827 328 873 sed
354 843 454 889 quo
479 832 749 882 nostrates,
776 826 1082 888 Aquitanica
1107 829 1329 883 nomina,
1354 825 1540 872 multos

306 908 551 965 conlatus,
578 914 656 954 set
680 924 783 953 non
809 907 1058 966 subditus,
1082 908 1409 970 adspicerem.

239 990 544 1052 Exactisque
570 989 758 1035 dehinc
782 1006 873 1051 per
897 993 1030 1036 trina
1056 989 1306 1037 decennia
1330 989 1471 1036 fastis

306 1072 507 1119 deserui
534 1072 712 1119 doctor
735 1073 1096 1136 municipalem
1122 1089 1342 1135 operam,

238 1171 390 1201 aurea
416 1161 470 1201 et
496 1155 716 1218 Augusti
742 1154 928 1217 palatia
952 1158 1113 1202 iussus
1137 1155 1277 1202 adire
1691 1155 1752 1200 25

308 1237 596 1299 Augustam
621 1237 849 1283 subolem
877 1241 1234 1300 grammaticus
1259 1237 1423 1294 docui,

240 1335 357 1365 mox
384 1323 538 1366 etiam
564 1319 751 1367 rhetor.
826 1336 922 1366 nec
949 1323 1084 1366 enim
1112 1319 1292 1366 fiducia
1316 1321 1460 1366 uobis

307 1418 435 1447 vana
458 1408 548 1448 aut
572 1419 674 1448 non
700 1402 846 1448 solidi
872 1402 1032 1464 gloria
1056 1402 1240 1449 iudicii.

239 1483 365 1529 cedo
391 1490 566 1530 tamen
591 1483 783 1530 fuerint
808 1484 940 1530 fama
967 1488 1161 1547 potiore
1187 1488 1430 1547 magistri,

308 1565 429 1612 dum
455 1565 582 1611 nulli
609 1565 764 1612 fuerit
789 1566 1064 1628 discipulus
1090 1566 1279 1612 melior.
1692 1566 1755 1611 30

242 1648 445 1694 Alcides
472 1648 697 1695 Atlantis
724 1655 777 1695 et
803 1649 1051 1695 Aeacides
1078 1649 1324 1707 Chironis,

310 1747 474 1791 paene
504 1730 621 1776 Iove
649 1734 745 1777 iste
773 1738 926 1788 satus,
954 1731 1082 1777 filius
1106 1731 1191 1777 ille
1220 1731 1368 1789 Iovis,

242 1812 554 1859 Thessaliam
581 1813 883 1876 Thebasque
910 1830 1024 1860 suos
1049 1813 1272 1859 habuere
1300 1820 1543 1875 penates:

310 1903 362 1942 at
388 1912 530 1942 meus
556 1895 637 1941 hic
663 1903 774 1942 toto
800 1904 982 1959 regnat
1008 1900 1060 1941 in
1086 1898 1207 1943 orbe
1234 1913 1334 1942 suo.

242 1981 384 2024 cuius
412 1994 507 2039 ego
535 1994 703 2025 comes
730 1985 783 2025 et
808 1985 1044 2041 quaestor
1070 1985 1139 2037 et,
1167 1978 1367 2024 culmen
1392 1978 1655 2037 honorum,
1696 1979 1757 2024 35

311 2060 599 2122 praefectus
627 2060 786 2106 Gallis
814 2067 866 2107 et
893 2060 1084 2124 Libyae
1112 2068 1165 2106 et
1193 2060 1337 2106 Latio

298 2275 313 2298 ยน
342 2275 566 2327 Probably
587 2276 802 2314 Aemilius
825 2276 982 2327 Asper,
1018 2280 1340 2315 commentator
1371 2290 1426 2315 on
1457 2276 1648 2316 Terence
1671 2276 1757 2316 and

247 2330 419 2382 Virgil:
451 2343 514 2380 cp.
543 2330 680 2380 Epist.
708 2331 798 2370 xiii.
824 2331 889 2372 27.

300 2383 317 2408 2
346 2384 395 2432 Q.
422 2384 518 2423 Ter.
547 2384 735 2424 Scaurus
758 2383 995 2423 flourished
1026 2385 1166 2423 under
1197 2386 1414 2434 Hadrian,
1438 2386 1525 2426 and
1546 2390 1684 2426 wrote
1704 2399 1758 2425 an

247 2439 338 2479 Ars
370 2439 669 2478 Grammatico
698 2439 785 2477 aud
816 2440 1150 2478 commentaries
1181 2454 1236 2479 on
1264 2441 1425 2492 Virgil,
1449 2441 1650 2489 Plautus,
1673 2440 1757 2479 and

247 2493 409 2533 others.

307 2549 324 2572 3
355 2548 415 2587 M.
444 2547 649 2587 Valerius
674 2547 855 2596 Probus,
872 2547 916 2586 of
938 2548 1120 2600 Beyrut,
1141 2549 1297 2602 failing
1317 2554 1364 2589 to
1386 2550 1472 2589 win
1493 2550 1759 2602 promotion,

265 2603 331 2642 eft
362 2603 437 2642 the
467 2616 593 2655 army
621 2602 708 2641 and
738 2602 914 2642 became
935 2616 959 2641 a
979 2605 1287 2654 grammarian.
1350 2604 1527 2644 Jerome
1547 2603 1674 2643 dates
1695 2604 1763 2642 his

254 2696 280 2735 4
