1871 3046
832 197 1187 245 AUSONIUS

256 332 437 376 scrinia
461 328 707 391 praefecti
731 331 958 386 meritus,
982 329 1261 375 rationibus
1286 329 1406 375 inde

324 400 639 460 praepositus
666 396 867 459 Libycis
892 399 1114 458 praemia
1139 399 1307 458 opima
1331 401 1480 459 capis.

258 483 374 512 nam
401 471 715 512 correcturae
740 466 834 511 tibi
860 465 1073 510 Tarraco
1101 464 1296 510 Hibera
1321 464 1542 511 tribunal

324 534 574 596 praebuit,
598 532 862 579 adfectans
889 548 997 579 esse
1024 532 1212 578 clienta
1237 533 1343 579 tibi.

258 609 315 648 tu
341 618 537 648 socrum
562 617 651 664 pro
676 607 839 647 matre
864 601 1034 647 colens
1060 600 1238 647 adfinis
1263 600 1439 646 haberi

324 687 428 715 non
452 676 671 732 poteras,
696 672 803 715 nati
829 685 943 715 cum
968 667 1195 715 fruerere
1221 668 1343 714 loco.

256 742 391 784 inter
414 737 687 783 concordes
712 739 880 782 vixisti
904 736 1031 782 fidus
1055 739 1255 788 amicos,

327 805 679 866 duodeviginti
704 803 908 850 functus
934 803 1276 866 Olympiadas.

466 954 919 1002 XXV.—-AEM1L1A
960 954 1199 1000 Damon
1240 956 1561 1001 MATERTERA

495 1050 568 1096 ΤΕ
593 1067 793 1113 quoque
821 1050 1096 1113 Dryadiam
1121 1057 1452 1098 materteram

563 1118 813 1165 flebilibus
837 1118 1054 1165 modulis

496 1203 736 1249 germana
761 1190 981 1249 genitus,
1009 1203 1166 1249 prope
1193 1186 1337 1244 filius,

565 1271 650 1301 ore
675 1258 758 1317 pio
785 1271 1008 1301 veneror.

498 1340 647 1385 quam
672 1322 897 1369 thalamo
923 1322 1187 1386 taedisque
1215 1323 1464 1385 iugalibus

563 1390 733 1437 invida
757 1407 889 1436 mors
917 1394 1112 1452 rapuit3

497 1462 814 1522 mutavitque
839 1465 1007 1505 torum
1032 1458 1207 1505 feretri
1233 1463 1340 1505 vice

565 1526 841 1590 exequialis
868 1526 1041 1572 honor.

485 1595 713 1641 discebas
738 1598 791 1640 in
816 1612 915 1652 me,
940 1601 1215 1641 matertera

565 1669 729 1709 mater
753 1666 829 1709 uti
854 1662 998 1709 fieres
1023 1679 1033 1718 3

499 1731 633 1777 unde
659 1731 810 1777 modo
835 1730 929 1777 hoc
955 1737 1204 1777 maestum
1230 1731 1324 1777 tibi
1349 1730 1526 1778 defero

566 1799 693 1845 filius
720 1798 948 1845 officium.

509 1952 913 1999 XXVI.——IUL1A
951 1951 1314 1996 CATAPHRONIA
1354 1951 1522 1996 ΑΜΙΤΑ

260 2050 394 2108 Qum
425 2055 479 2095 et
503 2047 726 2094 funereis
751 2051 957 2093 amitam
983 2049 1229 2109 inpertire
1254 2045 1511 2108 querellis,

329 2117 492 2174 Musa,
519 2115 921 2178 Cataphroniam.

259 2185 450 2231 innuba
474 2184 688 2231 devotae
714 2200 843 2246 quae
868 2186 1173 2245 virginitatis
1199 2197 1422 2228 amorem

327 2268 577 2315 parcaque
603 2268 726 2297 anus
753 2251 938 2297 coluit:

1708 395 1769 442 10

1708 735 1766 780 15

1712 1662 1771 1707 10

317 2376 333 2399 ¹
361 2375 429 2414 tle,
463 2374 674 2414 Paulinus
706 2387 795 2412 was
834 2373 1038 2423 magister
1081 2372 1350 2412 scriniormn.
1415 2372 1500 2411 For
1534 2372 1611 2411 the
1650 2371 1774 2412 three

259 2429 424 2469 scrinia
469 2429 790 2480 (departments
830 2428 898 2466 for
937 2428 1157 2478 receiving
1196 2427 1425 2479 petitions,
1458 2429 1564 2475 etc.)
1606 2426 1651 2465 of
1698 2426 1774 2465 the

261 2484 467 2524 lVestern
490 2483 668 2535 Empire
695 2495 766 2521 see
797 2481 874 2521 the
896 2481 1069 2520 Nomia
1092 2481 1384 2531 Diynicacum,
1410 2480 1638 2529 Occidens,
1664 2481 1767 2519 xvii.

262 2538 432 2587 (Seeck,
456 2551 527 2590 pp.
560 2538 633 2577 161
657 2537 725 2582 ἱ).

317 2594 331 2617 2
361 2593 430 2634 iaz.
452 2606 499 2632 as
520 2591 751 2632 rationalis
772 2604 820 2630 or
849 2596 1122 2641 procurator.

264 2689 325 2731 90
