1871 3046
803 188 1159 237 AUSONIUS

231 321 364 385 quod
390 325 429 368 si
455 322 687 368 Cumanis
712 320 811 367 huc
835 319 1034 366 adforet
1058 318 1239 380 hospes
1265 319 1328 364 ab
1353 321 1466 376 oris,
1632 318 1727 363 345

231 399 461 446 crederet
486 399 729 445 Euboicas
755 398 1016 444 simulacra
1041 396 1189 443 exilia
1216 397 1357 442 Baias

231 478 306 524 his
331 477 540 524 donasse
565 476 685 522 locis
706 493 714 521 :
753 482 925 521 tantus
952 475 1218 536 cultusque
1244 477 1479 536 nitorque

229 556 402 602 adlicit
427 562 479 601 et
503 554 697 600 nullum
722 557 853 615 parit
878 553 1149 598 oblectatio
1175 552 1361 598 luxum.

297 633 397 680 Sed
422 633 546 678 mihi
571 636 656 695 qui
681 631 889 678 tandem
916 630 1024 675 finis
1050 636 1137 675 tua
1163 629 1340 691 glauca
1363 628 1551 675 fluenta

230 712 397 757 dicere
422 710 835 771 dignandumque
860 711 984 753 mari
1008 724 1286 753 memorare
1314 707 1593 764 Mosellam,
1633 707 1728 754 350

228 791 479 834 innumeri
505 786 638 849 quod
664 793 716 833 te
742 786 938 832 diversa
962 802 1053 847 per
1078 789 1204 831 ostia
1228 785 1331 831 late

228 870 490 912 incurrunt
513 865 720 910 amnes?
758 880 1060 926 quamquam
1085 863 1284 909 differre
1309 870 1506 909 meatus

228 949 450 1006 possent,
477 942 563 988 sed
591 941 815 987 celerant
841 944 892 985 in
918 947 970 986 te
998 957 1293 986 consumere
1319 957 1521 987 nomen.

227 1037 443 1083 namque
471 1026 523 1066 et
550 1019 789 1064 Promeae
817 1018 1165 1079 Nemesaeque
1190 1018 1362 1064 adiuta
1386 1025 1557 1065 meatu

229 1100 352 1147 Sura
376 1105 487 1145 tuas
512 1103 750 1159 properat
774 1112 876 1141 non
903 1095 1129 1157 degener
1153 1099 1223 1141 ire
1251 1096 1341 1141 sub
1367 1096 1542 1154 undas,
1633 1097 1728 1143 355

228 1178 352 1225 Sura
374 1178 672 1237 interceptis
696 1175 791 1221 tibi
815 1173 1096 1235 gratificata
1119 1172 1336 1230 fluentis,

227 1255 442 1301 nobilius
466 1256 716 1315 permixta
740 1258 828 1297 tuo
853 1251 944 1296 sub
970 1254 1189 1308 nomine,
1217 1267 1364 1313 quam
1391 1255 1429 1296 si

226 1331 503 1395 ignoranda
526 1333 655 1393 patri
681 1327 1018 1374 confunderet
1043 1332 1169 1374 ostia
1197 1328 1369 1374 Ponto.

227 1418 279 1457 te
305 1409 506 1472 rapidus
533 1408 714 1464 Celbis,
740 1413 793 1452 te
818 1422 1064 1452 marmore
1091 1406 1251 1452 clarus
1279 1406 1482 1453 Erubris

227 1489 472 1535 festinant
490 1485 689 1531 famulis
709 1501 856 1547 quam
878 1487 1095 1545 primum
1114 1484 1399 1531 adlambere
1420 1485 1660 1548 lymphis:

227 1566 476 1613 nobilibus
502 1564 667 1610 Celbis
694 1562 976 1609 celebratus
1001 1563 1234 1623 piscibus,
1260 1562 1345 1609 ille
1632 1566 1722 1612 361

227 1646 489 1708 praecipiti
513 1649 754 1704 torquens
780 1640 992 1686 cerealia
1018 1657 1133 1685 saxa
1159 1647 1325 1686 rotatu

227 1723 601 1783 stridentesque
627 1719 834 1766 trahens
860 1735 950 1780 per
974 1718 1102 1764 levia
1127 1735 1371 1765 marmora
1397 1737 1554 1767 serras

226 1802 368 1848 audit
392 1806 663 1862 perpetuos
688 1802 795 1859 ripa
821 1814 881 1843 ex
908 1804 1119 1860 utraque
1145 1798 1406 1844 tumultus.

227 1886 489 1942 praetereo
510 1877 694 1923 exilem
715 1876 954 1921 Lesuram
975 1882 1284 1938 tenuemque
1307 1876 1598 1922 Drahonum
1631 1879 1726 1924 365

227 1973 321 2002 nec
346 1955 595 2001 fastiditos
623 1952 886 1999 Salmonae
912 1968 1096 2014 usurpo
1120 1952 1325 1998 fluores:

228 2037 433 2095 naviger
456 2031 702 2078 undisona
727 2030 919 2076 dudum
943 2046 1025 2076 me
1050 2030 1182 2075 mole
1209 2030 1418 2077 Saravus

226 2118 335 2158 tota
358 2116 498 2156 veste
525 2115 683 2165 vocat,
707 2108 915 2169 longum
941 2111 1025 2170 qui
1051 2107 1247 2154 distulit
1271 2126 1488 2166 amnem,

227 2190 356 2236 fessa
381 2190 472 2234 sub
502 2187 741 2247 Augustis
766 2193 823 2231 ut
849 2186 1073 2232 volveret
1098 2190 1223 2232 ostia
1248 2190 1412 2232 muris.

281 2359 294 2383 ¹
324 2372 386 2409 cp.
424 2358 608 2405 Statius,
648 2357 750 2451 Εέῖυ.
788 2369 815 2397 Ι.
856 2359 921 2450 iiis}
941 2358 1042 2448 773:
1088 2358 1322 2408 vitreasque
1356 2364 1508 2398 natatu
1544 2360 1726 2399 Plaudit

227 2430 253 2454 α
288 2427 375 2452 nas.
547 2411 562 2434 ²
592 2425 611 2451 c
631 2425 651 2449 ).
682 2434 689 2450 h
713 2412 852 2451 tatius
926 2412 991 2450 211⁴.
1019 2423 1048 2450 1.
1076 2426 1115 2450 v.
1143 2413 1206 2451 60.

258 2428 295 2492 (1⁸
323 2467 414 2506 The
440 2466 589 2513 Sauer,
610 2425 707 2505 {nto
736 2443 879 2504 whicl'i
909 2466 986 2504 fall
1016 2467 1091 2506 the
1122 2466 1256 2506 Priim
1283 2466 1498 2517 (Promea)
1529 2468 1616 2507 and
1646 2469 1722 2508 the

227 2523 354 2562 Nims
375 2520 611 2568 (Nemesa).

280 2576 295 2599 4
325 2576 415 2614 The
438 2574 547 2627 Kyll
566 2573 654 2614 and
675 2574 749 2614 the
772 2574 949 2615 Ruwar.

232 2668 322 2715 252
