1871 3046
822 176 1179 228 AUSONIUS

245 301 397 350 Libra
421 304 491 351 dii
516 311 777 371 somnique
804 326 950 371 pares
974 310 1285 360 determinat
1310 313 1494 374 horas,1

240 391 368 439 libra
393 393 690 444 Caledonios
715 402 821 444 sine
847 398 995 446 litore
1022 404 1254 448 continet
1277 410 1446 450 aestus
1467 421 1476 450 :

240 487 296 527 tu
323 498 523 547 quoque
551 493 689 533 certa
713 504 861 535 mane
887 505 1084 535 morum
1109 489 1234 536 mihi
1260 491 1387 538 libra
1410 509 1651 540 meorum.

451 673 720 720 VIL-DE
760 675 984 722 Rfflom:
1025 676 1297 723 PUERPERII
1337 679 1547 727 MATURI

239 779 433 836 OMNIA,
459 796 588 842 quae
614 785 749 827 vario
774 799 942 829 rerum
968 787 1208 830 metimur
1234 789 1285 831 in
1311 793 1445 845 actu,

234 868 481 908 astrorum
507 863 795 912 dominatus
820 870 956 928 agit3
994 874 1300 931 terrenaque
1327 876 1528 917 tantum

233 952 460 998 membra
485 952 677 1000 homini
701 972 710 1001 :
749 971 775 1001 e
802 959 994 1018 superis
1021 955 1223 1003 fortuna
1248 965 1302 1004 et
1327 963 1530 1021 spiritus
1550 965 1680 1009 auris

234 1047 448 1103 septeno
472 1043 782 1090 moderanda
808 1044 959 1091 choro
980 1062 989 1091 ε
1028 1052 1107 1092 set
1131 1047 1387 1108 praesidet
1412 1049 1522 1095 ollis

233 1135 441 1178 sortitus
466 1137 695 1195 regimen
722 1134 914 1181 nitidae
942 1134 1024 1181 Sol
1051 1152 1231 1182 aureus
1257 1137 1479 1185 aethrae.
1718 1142 1745 1187 5

230 1237 326 1267 1166
353 1222 455 1268 sola
482 1226 533 1268 in
558 1224 702 1269 nobis
727 1224 1020 1271 moderatur
1044 1232 1274 1287 tempora
1305 1229 1453 1285 vitae,

229 1311 351 1357 dum
376 1312 529 1359 breve
557 1313 758 1360 solliciti
785 1318 1005 1376 spatium
1032 1315 1353 1376 producimus
1379 1320 1487 1362 aevi
1509 1333 1518 1362 :

228 1401 452 1447 creditur
476 1402 801 1466 occultosque
828 1410 965 1450 satus
992 1410 1046 1450 et
1069 1409 1300 1465 tempora
1326 1408 1458 1452 vitae

228 1498 458 1538 materno
483 1492 716 1538 ducenda
742 1499 886 1539 utero
912 1492 1127 1539 formare
1153 1493 1373 1539 videndo

227 1587 280 1627 et
303 1582 529 1628 nondum
556 1589 761 1630 exortae
787 1582 928 1645 leges
953 1599 1239 1645 conponere
1268 1587 1415 1630 vitae.
1681 1586 1740 1632 lO

224 1687 443 1734 namque
470 1672 554 1717 ubi
582 1679 858 1734 conceptus
883 1672 1096 1734 genitali
1122 1673 1369 1720 insederit
1393 1690 1526 1731 arvo,

223 1759 348 1807 haut
373 1761 584 1807 dubium
610 1761 777 1808 Solem
805 1765 1104 1825 cuicumque
1129 1765 1362 1809 insistere
1388 1766 1544 1825 signo,

222 1854 307 1913 qui
334 1867 447 1896 cum
474 1855 625 1897 vicini
651 1855 923 1898 stationem
950 1856 1144 1914 ceperit
1169 1855 1307 1911 astri,

221 1942 486 2002 contiguos
512 1940 709 1986 nullum
734 1940 1047 1987 transfundit
1072 1941 1245 1987 lumen
1270 1945 1320 1986 in
1347 1948 1500 1988 ortus

219 2035 297 2074 ast
321 2029 406 2074 ubi
433 2032 684 2074 conversis
710 2035 825 2090 post
849 2035 1109 2074 menstrua
1132 2035 1362 2090 tempora
1386 2028 1596 2076 habenis
1672 2030 1730 2076 15

220 2116 419 2164 scandit
443 2133 697 2180 purpureo
722 2119 820 2162 iam
845 2120 997 2163 tertia
1023 2116 1186 2163 sidera
1212 2134 1374 2174 curru,

216 2206 419 2269 obliqua
445 2206 628 2253 exilem
654 2205 883 2252 demittit
906 2205 1041 2252 linea
1065 2205 1247 2264 lucem,

215 2295 474 2357 adspirans
498 2301 680 2342 tenues
706 2311 796 2356 per
819 2297 1002 2340 inertia
1028 2295 1252 2356 pondera
1276 2302 1454 2342 motus.

215 2391 393 2447 quarta
418 2388 469 2431 in
496 2384 617 2431 sede
642 2387 782 2447 viget
807 2387 953 2446 primi
978 2384 1300 2447 indulgentia
1326 2384 1468 2443 Solis,

269 2485 286 2509 ¹
314 2500 375 2537 cp.
403 2486 563 2539 virgil,
591 2485 738 2536 Georss.
777 2486 803 2524 i.
832 2486 938 2525 <2082
978 2485 1104 2525 Libra
1135 2485 1207 2525 die
1237 2486 1463 2538 somnique
1490 2498 1618 2537 pares
1648 2486 1724 2526 ubi

211 2540 542 2645 {gffggssehfffas'
600 2540 711 2592 (The
738 2540 958 2580 reference
989 2541 1025 2579 is
1056 2546 1103 2581 to
1134 2541 1209 2581 the
1240 2541 1565 2590 constellation,
1602 2541 1725 2581 “the

217 2667 308 2725 178

1852 2894 1857 2898 ’
1844 2341 1871 2882 ·’·““1νῡ-Α-ιμωιωιυιιιιω.,
