1871 3046
856 229 1213 277 AUSONIUS

279 362 471 421 spargit
496 359 784 423 Aristippus
810 361 988 408 mediis
1013 365 1067 407 in
1093 362 1324 425 Syrtibus
1349 379 1541 419 aurum,

346 453 497 484 aurea
521 454 624 484 non
650 442 770 485 satis
797 446 874 486 est
900 440 1061 502 Lydia
1086 446 1196 486 tota
1222 440 1407 486 Midae.

279 519 358 561 cui
383 516 551 576 nullus
577 516 687 564 finis
714 518 969 579 cupiendi,
997 524 1075 564 est
1100 517 1269 563 nullus
1296 516 1548 564 habendi:
1729 519 1789 564 15

346 593 432 641 ille
458 596 636 657 opibus
660 596 839 642 modus
866 601 959 652 est,
987 611 1140 657 quem
1165 601 1356 642 statuas
1382 598 1562 641 animo.

279 672 465 718 Verum
481 689 601 735 ager
616 676 712 719 iste
730 689 871 719 meus
889 679 1108 734 quantus
1125 675 1205 730 sit,
1222 689 1392 731 nosce,
1411 676 1566 719 etiam
1587 680 1645 720 ut
1659 690 1741 721 me

345 754 543 797 noveris
571 758 624 797 et
648 754 782 797 noris
807 757 859 797 te
887 767 1104 813 quoque,
1131 753 1170 797 si
1194 755 1327 813 potis
1354 768 1418 798 es.

277 845 580 891 quamquam
607 828 809 874 difficile
836 835 914 875 est
939 845 992 876 se
1018 845 1226 875 noscere
1246 846 1256 885 ;
1294 832 1435 893 γνῶθι
1460 831 1657 879 σεαυτόν

345 923 495 969 quam
520 923 735 969 propere
760 907 994 970 legimus,
1019 915 1124 954 tam
1149 911 1249 955 cito
1274 908 1602 971 neclegimus.
1730 909 1792 954 20

275 988 381 1047 agri
408 985 482 1031 bis
509 992 718 1032 centum
744 985 852 1031 colo
878 989 1068 1049 iugera,
1095 989 1241 1032 vinea
1268 993 1475 1033 centum

344 1064 602 1126 iugeribus
628 1064 810 1111 colitur
832 1071 1077 1127 prataque
1103 1065 1327 1123 dimidio,

275 1141 399 1187 silva
419 1158 569 1204 supra
589 1142 817 1205 duplum,
839 1159 988 1206 quam
1009 1150 1152 1205 prata
1174 1150 1227 1190 et
1247 1147 1393 1189 vinea
1413 1150 1466 1190 et
1484 1159 1656 1190 arvum
1677 1159 1688 1199 ;
1755 1167 1758 1168 ⁷

348 1219 512 1266 cultor
536 1223 643 1284 agri
669 1222 813 1267 nobis
839 1238 934 1268 nec
960 1228 1193 1284 superest
1218 1238 1312 1268 nec
1338 1223 1494 1268 abest.

274 1298 388 1345 fons
405 1306 614 1362 propter
629 1307 915 1363 puteusque
933 1302 1112 1358 brevis,
1131 1307 1241 1347 tum
1258 1317 1411 1363 purus
1429 1307 1481 1347 et
1500 1304 1661 1346 amnis
1680 1318 1691 1356 ;
1731 1302 1791 1346 25

344 1382 555 1440 naviger
579 1379 661 1425 hic
686 1380 870 1426 refluus
896 1397 976 1426 me
1004 1380 1146 1427 vehit
1170 1397 1227 1426 ac
1252 1380 1463 1427 revehit.

275 1457 566 1504 conduntur
584 1457 780 1505 fructus
799 1462 1061 1520 geminum
1080 1458 1205 1504 mihi
1226 1474 1427 1520 semper
1446 1462 1498 1503 in
1517 1475 1721 1505 annum.

344 1538 424 1581 cui
444 1552 547 1581 non
566 1536 718 1598 longa
738 1552 914 1598 penus,
936 1536 1053 1583 huic
1073 1553 1273 1599 quoque
1294 1543 1527 1598 prompta
1547 1536 1719 1584 fames.

281 1614 423 1660 Haec
448 1614 573 1660 mihi
598 1631 693 1661 nec
719 1615 893 1677 procul
920 1616 1043 1661 urbe
1070 1618 1166 1661 sita
1192 1621 1285 1672 est,
1312 1631 1406 1661 nec
1433 1631 1630 1677 prorsus
1660 1615 1723 1661 ad

413 1694 607 1751 urbem,

345 1788 410 1818 ne
436 1775 600 1834 patiar
624 1773 797 1819 turbas
823 1779 982 1835 utque
1009 1773 1153 1818 bonis
1180 1776 1355 1835 potiar.
1731 1772 1793 1818 30

277 1857 330 1897 et
356 1855 591 1913 quotiens
616 1858 814 1898 mutare
841 1852 1008 1898 locum
1035 1851 1235 1898 fastidia
1264 1857 1470 1914 cogunt,

345 1935 546 1975 transeo
573 1936 627 1976 et
651 1929 860 1976 alternis
886 1946 1001 1975 rure
1028 1929 1107 1976 vel
1134 1931 1257 1976 urbe
1283 1929 1432 1975 fruor.

402 2173 736 2219 II.—VERsus
776 2172 1056 2217 PASCHALES
1094 2187 1187 2216 PRO
1228 2170 1467 2216 AUGUSTO
1506 2170 1654 2216 Dum

275 2303 473 2351 SANCTA
499 2302 748 2349 salutiferi
774 2302 993 2348 redeunt
1019 2301 1284 2347 sollemnia
1311 2301 1497 2348 Christi

275 2389 329 2429 et
353 2381 537 2427 devota
560 2383 631 2442 pii
658 2380 920 2426 celebrant
944 2382 1131 2425 ieiunia
1156 2386 1365 2442 mystae.

275 2467 327 2507 at
352 2476 442 2506 nos
468 2466 735 2506 aeternum
761 2458 1059 2504 cohibentes
1086 2465 1293 2519 pectore
1320 2457 1512 2504 cultum

275 2542 694 2585 intemeratorum
720 2539 820 2581 vim
847 2538 1199 2581 continuamus
1225 2535 1487 2581 honorum.

272 2633 439 2662 annua
465 2632 582 2661 cura
608 2617 772 2671 sacris,
800 2616 930 2675 iugis
956 2616 1244 2660 reverentia
1269 2613 1426 2659 nobis.
1758 2614 1785 2658 5

280 2723 341 2767 34

1848 2716 1851 2720 ·
1855 2691 1857 2693 -
1840 2451 1862 2669 sumu-tw..
