<?xml version="1.0" encoding="UTF-8"?>
<!DOCTYPE html PUBLIC "-//W3C//DTD XHTML 1.0 Transitional//EN"
    "http://www.w3.org/TR/xhtml1/DTD/xhtml1-transitional.dtd">
<html xmlns="http://www.w3.org/1999/xhtml" xml:lang="en" lang="en">
 <head>
  <title>
</title>
<meta http-equiv="Content-Type" content="text/html;charset=utf-8" />
  <meta name='ocr-system' content='tesseract 3.04.00' />
  <meta name='ocr-capabilities' content='ocr_page ocr_carea ocr_par ocr_line ocrx_word'/>
</head>
<body>
  <div class='ocr_page' id='page_1' title='image "ausonius00auso_0220.png"; bbox 0 0 1871 3046; ppageno 0'>
   <div class='ocr_carea' id='block_1_1' title="bbox 780 181 1139 230">
    <p class='ocr_par' dir='ltr' id='par_1_1' title="bbox 780 181 1139 230">
     <span class='ocr_line' id='line_1_1' title="bbox 780 181 1139 230; baseline 0.008 -3"><span class='ocrx_word' id='word_1_1' title='bbox 780 181 1139 230; x_wconf 83' lang='lat' dir='ltr'>AUSONIUS</span> 
     </span>
    </p>
   </div>
   <div class='ocr_carea' id='block_1_2' title="bbox 197 313 1713 1091">
    <p class='ocr_par' dir='ltr' id='par_1_2' title="bbox 269 313 1713 467">
     <span class='ocr_line' id='line_1_2' title="bbox 269 313 1713 376; baseline 0.003 -18"><span class='ocrx_word' id='word_1_2' title='bbox 269 313 456 359; x_wconf 80' lang='lat' dir='ltr'>Contra</span> <span class='ocrx_word' id='word_1_3' title='bbox 480 313 568 360; x_wconf 85' lang='lat' dir='ltr'>sed</span> <span class='ocrx_word' id='word_1_4' title='bbox 594 314 802 360; x_wconf 80' lang='lat' dir='ltr'>alterius</span> <span class='ocrx_word' id='word_1_5' title='bbox 831 320 1053 360; x_wconf 75' lang='lat' dir='ltr'>sectator</span> <span class='ocrx_word' id='word_1_6' title='bbox 1079 314 1331 376; x_wconf 77' lang='lat' dir='ltr'>dogmatis</span> <span class='ocrx_word' id='word_1_7' title='bbox 1358 318 1455 361; x_wconf 85' lang='lat' dir='ltr'>ista</span> <span class='ocrx_word' id='word_1_8' title='bbox 1652 318 1713 362; x_wconf 82' lang='lat'>55</span> 
     </span>
     <span class='ocr_line' id='line_1_3' title="bbox 336 404 1601 467; baseline 0.001 -16"><span class='ocrx_word' id='word_1_9' title='bbox 336 404 458 467; x_wconf 91' lang='lat' dir='ltr'>quid</span> <span class='ocrx_word' id='word_1_10' title='bbox 483 404 664 451; x_wconf 87' lang='lat' dir='ltr'>doceat</span> <span class='ocrx_word' id='word_1_11' title='bbox 688 406 978 467; x_wconf 76' lang='lat' dir='ltr'>reprobans,</span> <span class='ocrx_word' id='word_1_12' title='bbox 1004 404 1207 450; x_wconf 78' lang='lat' dir='ltr'>subdita</span> <span class='ocrx_word' id='word_1_13' title='bbox 1233 405 1369 451; x_wconf 85' lang='lat' dir='ltr'>disce</span> <span class='ocrx_word' id='word_1_14' title='bbox 1394 405 1601 467; x_wconf 84' lang='lat' dir='ltr'>legens:</span> 
     </span>
    </p>

    <p class='ocr_par' dir='ltr' id='par_1_3' title="bbox 197 492 1713 1091">
     <span class='ocr_line' id='line_1_4' title="bbox 200 492 1658 556; baseline 0.001 -18"><span class='ocrx_word' id='word_1_15' title='bbox 200 498 230 519; x_wconf 85' lang='lat'><strong><em>“</em></strong></span> <span class='ocrx_word' id='word_1_16' title='bbox 247 492 382 556; x_wconf 87' lang='lat' dir='ltr'>Ergo</span> <span class='ocrx_word' id='word_1_17' title='bbox 406 493 533 539; x_wconf 89' lang='lat' dir='ltr'>nihil</span> <span class='ocrx_word' id='word_1_18' title='bbox 560 498 798 556; x_wconf 89' lang='lat' dir='ltr'>quoniam</span> <span class='ocrx_word' id='word_1_19' title='bbox 825 498 927 540; x_wconf 83' lang='lat' dir='ltr'>vita</span> <span class='ocrx_word' id='word_1_20' title='bbox 955 501 1034 540; x_wconf 80' lang='lat' dir='ltr'>est</span> <span class='ocrx_word' id='word_1_21' title='bbox 1058 494 1191 556; x_wconf 83' lang='lat' dir='ltr'>quod</span> <span class='ocrx_word' id='word_1_22' title='bbox 1218 511 1444 540; x_wconf 81' lang='lat' dir='ltr'>amemus</span> <span class='ocrx_word' id='word_1_23' title='bbox 1470 498 1521 540; x_wconf 91' lang='lat' dir='ltr'>in</span> <span class='ocrx_word' id='word_1_24' title='bbox 1546 499 1658 553; x_wconf 76' lang='lat' dir='ltr'>ista,</span> 
     </span>
     <span class='ocr_line' id='line_1_5' title="bbox 198 582 1520 641; baseline 0.001 -13"><span class='ocrx_word' id='word_1_25' title='bbox 198 599 294 629; x_wconf 91' lang='lat' dir='ltr'>nec</span> <span class='ocrx_word' id='word_1_26' title='bbox 319 589 495 629; x_wconf 85' lang='lat' dir='ltr'>tamen</span> <span class='ocrx_word' id='word_1_27' title='bbox 520 587 771 629; x_wconf 75' lang='lat' dir='ltr'>incassum</span> <span class='ocrx_word' id='word_1_28' title='bbox 796 583 871 629; x_wconf 80' lang='lat' dir='ltr'>fas</span> <span class='ocrx_word' id='word_1_29' title='bbox 899 590 977 629; x_wconf 80' lang='lat' dir='ltr'>est</span> <span class='ocrx_word' id='word_1_30' title='bbox 1003 600 1093 629; x_wconf 78' lang='lat' dir='ltr'>nos</span> <span class='ocrx_word' id='word_1_31' title='bbox 1120 582 1330 629; x_wconf 85' lang='lat' dir='ltr'>credere</span> <span class='ocrx_word' id='word_1_32' title='bbox 1356 590 1520 641; x_wconf 81' lang='lat' dir='ltr'>natos,</span> 
     </span>
     <span class='ocr_line' id='line_1_6' title="bbox 197 672 1328 729; baseline -0.002 -11"><span class='ocrx_word' id='word_1_33' title='bbox 197 680 456 719; x_wconf 78' lang='lat' dir='ltr'>auctorem</span> <span class='ocrx_word' id='word_1_34' title='bbox 482 676 615 718; x_wconf 80' lang='lat' dir='ltr'>vitae</span> <span class='ocrx_word' id='word_1_35' title='bbox 642 676 681 718; x_wconf 78' lang='lat' dir='ltr'>si</span> <span class='ocrx_word' id='word_1_36' title='bbox 710 676 897 717; x_wconf 76' lang='lat' dir='ltr'>iustum</span> <span class='ocrx_word' id='word_1_37' title='bbox 923 672 1175 717; x_wconf 75' lang='lat' dir='ltr'>credimus</span> <span class='ocrx_word' id='word_1_38' title='bbox 1203 688 1328 729; x_wconf 75' lang='lat' dir='ltr'>esse,</span> 
     </span>
     <span class='ocr_line' id='line_1_7' title="bbox 199 760 1713 821; baseline 0.001 -15"><span class='ocrx_word' id='word_1_39' title='bbox 199 764 301 807; x_wconf 86' lang='lat' dir='ltr'>vita</span> <span class='ocrx_word' id='word_1_40' title='bbox 324 761 420 806; x_wconf 84' lang='lat' dir='ltr'>alia</span> <span class='ocrx_word' id='word_1_41' title='bbox 446 768 523 807; x_wconf 75' lang='lat' dir='ltr'>est</span> <span class='ocrx_word' id='word_1_42' title='bbox 549 762 692 806; x_wconf 78' lang='lat' dir='ltr'>nobis</span> <span class='ocrx_word' id='word_1_43' title='bbox 718 760 790 805; x_wconf 90' lang='lat' dir='ltr'>illi</span> <span class='ocrx_word' id='word_1_44' title='bbox 818 760 1034 806; x_wconf 80' lang='lat' dir='ltr'>vivendo</span> <span class='ocrx_word' id='word_1_45' title='bbox 1061 760 1300 821; x_wconf 79' lang='lat' dir='ltr'>paranda,</span> <span class='ocrx_word' id='word_1_46' title='bbox 1651 763 1713 809; x_wconf 85' lang='grc'>60</span> 
     </span>
     <span class='ocr_line' id='line_1_8' title="bbox 197 852 1413 911; baseline 0.001 -17"><span class='ocrx_word' id='word_1_47' title='bbox 197 866 312 895; x_wconf 88' lang='lat' dir='ltr'>cum</span> <span class='ocrx_word' id='word_1_48' title='bbox 338 866 437 911; x_wconf 93' lang='lat' dir='ltr'>quo</span> <span class='ocrx_word' id='word_1_49' title='bbox 462 856 577 910; x_wconf 79' lang='lat' dir='ltr'>post</span> <span class='ocrx_word' id='word_1_50' title='bbox 603 852 750 895; x_wconf 75' lang='lat' dir='ltr'>istam</span> <span class='ocrx_word' id='word_1_51' title='bbox 776 852 1023 910; x_wconf 84' lang='lat' dir='ltr'>possimus</span> <span class='ocrx_word' id='word_1_52' title='bbox 1049 852 1218 895; x_wconf 82' lang='lat' dir='ltr'>vivere</span> <span class='ocrx_word' id='word_1_53' title='bbox 1245 853 1413 895; x_wconf 80' lang='lat' dir='ltr'>vitani.</span> 
     </span>
     <span class='ocr_line' id='line_1_9' title="bbox 197 938 1692 1001; baseline 0.001 -17"><span class='ocrx_word' id='word_1_54' title='bbox 197 939 271 984; x_wconf 89' lang='lat' dir='ltr'>illi</span> <span class='ocrx_word' id='word_1_55' title='bbox 292 938 530 1001; x_wconf 80' lang='lat' dir='ltr'>equidem</span> <span class='ocrx_word' id='word_1_56' title='bbox 551 941 741 1001; x_wconf 78' lang='lat' dir='ltr'>stygias</span> <span class='ocrx_word' id='word_1_57' title='bbox 761 945 1038 1000; x_wconf 73' lang='lat' dir='ltr'><strong>properent</strong></span> <span class='ocrx_word' id='word_1_58' title='bbox 1058 938 1371 985; x_wconf 73' lang='lat' dir='ltr'>descendere</span> <span class='ocrx_word' id='word_1_59' title='bbox 1392 939 1456 985; x_wconf 82' lang='lat' dir='ltr'>ad</span> <span class='ocrx_word' id='word_1_60' title='bbox 1477 942 1692 999; x_wconf 80' lang='lat' dir='ltr'>umbras,</span> 
     </span>
     <span class='ocr_line' id='line_1_10' title="bbox 197 1027 1411 1091; baseline 0.001 -18"><span class='ocrx_word' id='word_1_61' title='bbox 197 1027 632 1091; x_wconf 73' lang='lat' dir='ltr'>Pythagoreorum</span> <span class='ocrx_word' id='word_1_62' title='bbox 659 1028 900 1074; x_wconf 85' lang='lat' dir='ltr'>stolidum</span> <span class='ocrx_word' id='word_1_63' title='bbox 927 1032 1012 1091; x_wconf 91' lang='lat' dir='ltr'>qui</span> <span class='ocrx_word' id='word_1_64' title='bbox 1038 1028 1222 1091; x_wconf 82' lang='lat' dir='ltr'>dogma</span> <span class='ocrx_word' id='word_1_65' title='bbox 1250 1033 1411 1074; x_wconf 75' lang='lat' dir='ltr'>Secuti</span> 
     </span>
    </p>
   </div>
   <div class='ocr_carea' id='block_1_3' title="bbox 195 1115 1421 1183">
    <p class='ocr_par' dir='ltr' id='par_1_4' title="bbox 195 1115 1421 1183">
     <span class='ocr_line' id='line_1_11' title="bbox 195 1115 1421 1183; baseline 0.001 -21"><span class='ocrx_word' id='word_1_66' title='bbox 195 1134 298 1162; x_wconf 90' lang='lat' dir='ltr'>non</span> <span class='ocrx_word' id='word_1_67' title='bbox 324 1120 461 1162; x_wconf 77' lang='lat' dir='ltr'>nasci</span> <span class='ocrx_word' id='word_1_68' title='bbox 488 1133 597 1163; x_wconf 86' lang='lat' dir='ltr'>sese</span> <span class='ocrx_word' id='word_1_69' title='bbox 625 1134 775 1180; x_wconf 82' lang='lat' dir='ltr'>quam</span> <span class='ocrx_word' id='word_1_70' title='bbox 800 1123 945 1163; x_wconf 83' lang='lat' dir='ltr'>natos</span> <span class='ocrx_word' id='word_1_71' title='bbox 972 1120 1139 1162; x_wconf 82' lang='lat' dir='ltr'>vivere</span> <span class='ocrx_word' id='word_1_72' title='bbox 1167 1115 1421 1183; x_wconf 82' lang='lat' dir='ltr'>malint.’&#39;]</span> 
     </span>
    </p>
   </div>
   <div class='ocr_carea' id='block_1_4' title="bbox 332 1328 1588 1376">
    <p class='ocr_par' dir='ltr' id='par_1_5' title="bbox 332 1328 1588 1376">
     <span class='ocr_line' id='line_1_12' title="bbox 332 1328 1588 1376; baseline 0.002 -3"><span class='ocrx_word' id='word_1_73' title='bbox 332 1328 581 1374; x_wconf 77' lang='lat' dir='ltr'>[IL—DE</span> <span class='ocrx_word' id='word_1_74' title='bbox 619 1329 750 1374; x_wconf 66' lang='lat' dir='ltr'>Vino</span> <span class='ocrx_word' id='word_1_75' title='bbox 792 1329 931 1374; x_wconf 83' lang='lat' dir='ltr'>BoNo</span> <span class='ocrx_word' id='word_1_76' title='bbox 971 1334 1300 1375; x_wconf 64' lang='lat' dir='ltr'>HreAPOPIKH</span> <span class='ocrx_word' id='word_1_77' title='bbox 1338 1334 1588 1376; x_wconf 72' lang='grc' dir='ltr'>ΑΠΟΦΑΣΙΣ</span> 
     </span>
    </p>
   </div>
   <div class='ocr_carea' id='block_1_5' title="bbox 190 1464 1710 2514">
    <p class='ocr_par' dir='ltr' id='par_1_6' title="bbox 195 1464 1576 1618">
     <span class='ocr_line' id='line_1_13' title="bbox 196 1464 1576 1528; baseline 0.002 -19"><span class='ocrx_word' id='word_1_78' title='bbox 196 1464 295 1510; x_wconf 76' lang='lat' dir='ltr'>VIR</span> <span class='ocrx_word' id='word_1_79' title='bbox 321 1466 480 1511; x_wconf 83' lang='lat' dir='ltr'>bonus</span> <span class='ocrx_word' id='word_1_80' title='bbox 508 1471 560 1511; x_wconf 89' lang='lat' dir='ltr'>et</span> <span class='ocrx_word' id='word_1_81' title='bbox 586 1469 803 1528; x_wconf 74' lang='lat' dir='ltr'>sapiens,</span> <span class='ocrx_word' id='word_1_82' title='bbox 830 1465 1031 1528; x_wconf 85' lang='lat' dir='ltr'>qualem</span> <span class='ocrx_word' id='word_1_83' title='bbox 1058 1469 1140 1511; x_wconf 89' lang='lat' dir='ltr'>vix</span> <span class='ocrx_word' id='word_1_84' title='bbox 1167 1470 1394 1528; x_wconf 88' lang='lat' dir='ltr'>repperit</span> <span class='ocrx_word' id='word_1_85' title='bbox 1420 1484 1576 1512; x_wconf 88' lang='lat' dir='ltr'>unum</span> 
     </span>
     <span class='ocr_line' id='line_1_14' title="bbox 195 1554 1479 1618; baseline 0.002 -19"><span class='ocrx_word' id='word_1_86' title='bbox 195 1554 398 1601; x_wconf 83' lang='lat' dir='ltr'>milibus</span> <span class='ocrx_word' id='word_1_87' title='bbox 425 1572 451 1601; x_wconf 95' lang='lat' dir='ltr'>e</span> <span class='ocrx_word' id='word_1_88' title='bbox 479 1558 674 1601; x_wconf 84' lang='lat' dir='ltr'>cunctis</span> <span class='ocrx_word' id='word_1_89' title='bbox 699 1555 966 1601; x_wconf 87' lang='lat' dir='ltr'>hominum</span> <span class='ocrx_word' id='word_1_90' title='bbox 992 1555 1252 1601; x_wconf 77' lang='lat' dir='ltr'>consultus</span> <span class='ocrx_word' id='word_1_91' title='bbox 1280 1555 1479 1618; x_wconf 69' lang='lat' dir='ltr'>Apollo,</span> 
     </span>
    </p>

    <p class='ocr_par' dir='ltr' id='par_1_7' title="bbox 194 1643 1470 1706">
     <span class='ocr_line' id='line_1_15' title="bbox 194 1643 1470 1706; baseline 0 -17"><span class='ocrx_word' id='word_1_92' title='bbox 194 1644 348 1690; x_wconf 85' lang='lat' dir='ltr'>iudex</span> <span class='ocrx_word' id='word_1_93' title='bbox 374 1647 482 1706; x_wconf 83' lang='lat' dir='ltr'>ipse</span> <span class='ocrx_word' id='word_1_94' title='bbox 509 1647 581 1690; x_wconf 84' lang='lat' dir='ltr'>sui</span> <span class='ocrx_word' id='word_1_95' title='bbox 610 1650 776 1690; x_wconf 80' lang='lat' dir='ltr'>totum</span> <span class='ocrx_word' id='word_1_96' title='bbox 805 1660 856 1690; x_wconf 82' lang='lat' dir='ltr'>se</span> <span class='ocrx_word' id='word_1_97' title='bbox 885 1644 1115 1705; x_wconf 74' lang='lat' dir='ltr'>explorat</span> <span class='ocrx_word' id='word_1_98' title='bbox 1141 1643 1203 1689; x_wconf 82' lang='lat' dir='ltr'>ad</span> <span class='ocrx_word' id='word_1_99' title='bbox 1232 1661 1470 1705; x_wconf 87' lang='lat' dir='ltr'>unguem.</span> 
     </span>
    </p>

    <p class='ocr_par' dir='ltr' id='par_1_8' title="bbox 193 1733 1710 2072">
     <span class='ocr_line' id='line_1_16' title="bbox 195 1733 1478 1796; baseline -0.002 -17"><span class='ocrx_word' id='word_1_100' title='bbox 195 1733 317 1796; x_wconf 91' lang='lat' dir='ltr'>quid</span> <span class='ocrx_word' id='word_1_101' title='bbox 342 1750 577 1796; x_wconf 76' lang='lat' dir='ltr'>proceres</span> <span class='ocrx_word' id='word_1_102' title='bbox 603 1737 819 1796; x_wconf 87' lang='lat' dir='ltr'>vanique</span> <span class='ocrx_word' id='word_1_103' title='bbox 846 1733 970 1779; x_wconf 81' lang='lat' dir='ltr'>levis</span> <span class='ocrx_word' id='word_1_104' title='bbox 997 1733 1119 1795; x_wconf 91' lang='lat' dir='ltr'>quid</span> <span class='ocrx_word' id='word_1_105' title='bbox 1146 1736 1317 1794; x_wconf 90' lang='lat' dir='ltr'>opinio</span> <span class='ocrx_word' id='word_1_106' title='bbox 1343 1733 1478 1795; x_wconf 85' lang='lat' dir='ltr'>volgi</span> 
     </span>
     <span class='ocr_line' id='line_1_17' title="bbox 193 1919 1710 1980; baseline -0.001 -15"><span class='ocrx_word' id='word_1_107' title='bbox 193 1936 413 1977; x_wconf 81' lang='lat' dir='ltr'>securus,</span> <span class='ocrx_word' id='word_1_108' title='bbox 434 1919 612 1966; x_wconf 91' lang='lat' dir='ltr'>mundi</span> <span class='ocrx_word' id='word_1_109' title='bbox 632 1924 790 1966; x_wconf 85' lang='lat' dir='ltr'>instar</span> <span class='ocrx_word' id='word_1_110' title='bbox 813 1919 1021 1976; x_wconf 65' lang='lat' dir='ltr'>habensj</span> <span class='ocrx_word' id='word_1_111' title='bbox 1043 1925 1179 1964; x_wconf 83' lang='lat' dir='ltr'>teres</span> <span class='ocrx_word' id='word_1_112' title='bbox 1200 1925 1353 1980; x_wconf 85' lang='lat' dir='ltr'>atque</span> <span class='ocrx_word' id='word_1_113' title='bbox 1375 1919 1639 1977; x_wconf 78' lang='lat' dir='ltr'>rotundus,</span> <span class='ocrx_word' id='word_1_114' title='bbox 1683 1919 1710 1964; x_wconf 85' lang='lat'>5</span> 
     </span>
     <span class='ocr_line' id='line_1_18' title="bbox 194 2007 1305 2072; baseline -0.001 -18"><span class='ocrx_word' id='word_1_115' title='bbox 194 2015 440 2055; x_wconf 76' lang='lat' dir='ltr'>externae</span> <span class='ocrx_word' id='word_1_116' title='bbox 468 2026 532 2055; x_wconf 91' lang='lat' dir='ltr'>ne</span> <span class='ocrx_word' id='word_1_117' title='bbox 557 2009 682 2072; x_wconf 86' lang='lat' dir='ltr'>quid</span> <span class='ocrx_word' id='word_1_118' title='bbox 706 2009 833 2055; x_wconf 81' lang='lat' dir='ltr'>labis</span> <span class='ocrx_word' id='word_1_119' title='bbox 859 2025 950 2071; x_wconf 91' lang='lat' dir='ltr'>per</span> <span class='ocrx_word' id='word_1_120' title='bbox 975 2008 1107 2054; x_wconf 84' lang='lat' dir='ltr'>levia</span> <span class='ocrx_word' id='word_1_121' title='bbox 1133 2007 1305 2054; x_wconf 83' lang='lat' dir='ltr'>sidat.1</span> 
     </span>
    </p>

    <p class='ocr_par' dir='ltr' id='par_1_9' title="bbox 192 2096 1569 2336">
     <span class='ocr_line' id='line_1_19' title="bbox 192 2096 1454 2160; baseline -0.001 -18"><span class='ocrx_word' id='word_1_122' title='bbox 192 2097 294 2155; x_wconf 80' lang='lat' dir='ltr'>ille,</span> <span class='ocrx_word' id='word_1_123' title='bbox 321 2098 429 2143; x_wconf 82' lang='lat' dir='ltr'>dies</span> <span class='ocrx_word' id='word_1_124' title='bbox 455 2115 604 2160; x_wconf 87' lang='lat' dir='ltr'>quam</span> <span class='ocrx_word' id='word_1_125' title='bbox 630 2098 812 2159; x_wconf 84' lang='lat' dir='ltr'>longus</span> <span class='ocrx_word' id='word_1_126' title='bbox 841 2100 938 2143; x_wconf 88' lang='lat' dir='ltr'>erit</span> <span class='ocrx_word' id='word_1_127' title='bbox 968 2097 1059 2142; x_wconf 81' lang='lat' dir='ltr'>sub</span> <span class='ocrx_word' id='word_1_128' title='bbox 1086 2096 1250 2142; x_wconf 80' lang='lat' dir='ltr'>sidere</span> <span class='ocrx_word' id='word_1_129' title='bbox 1278 2096 1454 2141; x_wconf 86' lang='lat' dir='ltr'>Cancri</span> 
     </span>
     <span class='ocr_line' id='line_1_20' title="bbox 193 2184 1569 2248; baseline -0.001 -18"><span class='ocrx_word' id='word_1_130' title='bbox 193 2192 483 2248; x_wconf 83' lang='lat' dir='ltr'>quantaque</span> <span class='ocrx_word' id='word_1_131' title='bbox 509 2202 608 2231; x_wconf 86' lang='lat' dir='ltr'>nox</span> <span class='ocrx_word' id='word_1_132' title='bbox 635 2188 830 2247; x_wconf 84' lang='lat' dir='ltr'>tropico</span> <span class='ocrx_word' id='word_1_133' title='bbox 857 2201 909 2231; x_wconf 85' lang='lat' dir='ltr'>Se</span> <span class='ocrx_word' id='word_1_134' title='bbox 938 2187 1151 2246; x_wconf 85' lang='lat' dir='ltr'>porrigit</span> <span class='ocrx_word' id='word_1_135' title='bbox 1176 2187 1227 2229; x_wconf 90' lang='lat' dir='ltr'>in</span> <span class='ocrx_word' id='word_1_136' title='bbox 1254 2184 1569 2245; x_wconf 75' lang='lat' dir='ltr'>Capricorno,</span> 
     </span>
     <span class='ocr_line' id='line_1_21' title="bbox 192 2274 1436 2336; baseline 0.001 -17"><span class='ocrx_word' id='word_1_137' title='bbox 192 2278 384 2336; x_wconf 82' lang='lat' dir='ltr'>cogitat</span> <span class='ocrx_word' id='word_1_138' title='bbox 410 2281 462 2321; x_wconf 86' lang='lat' dir='ltr'>et</span> <span class='ocrx_word' id='word_1_139' title='bbox 487 2278 619 2321; x_wconf 85' lang='lat' dir='ltr'>iusto</span> <span class='ocrx_word' id='word_1_140' title='bbox 645 2277 871 2321; x_wconf 85' lang='lat' dir='ltr'>trutinae</span> <span class='ocrx_word' id='word_1_141' title='bbox 900 2290 951 2319; x_wconf 80' lang='lat' dir='ltr'>se</span> <span class='ocrx_word' id='word_1_142' title='bbox 981 2276 1212 2319; x_wconf 83' lang='lat' dir='ltr'>examine</span> <span class='ocrx_word' id='word_1_143' title='bbox 1239 2274 1436 2335; x_wconf 79' lang='lat' dir='ltr'>pendit,</span> 
     </span>
    </p>

    <p class='ocr_par' dir='ltr' id='par_1_10' title="bbox 190 2362 1708 2514">
     <span class='ocr_line' id='line_1_22' title="bbox 191 2362 1708 2426; baseline 0.001 -18"><span class='ocrx_word' id='word_1_144' title='bbox 191 2379 256 2409; x_wconf 90' lang='lat' dir='ltr'>ne</span> <span class='ocrx_word' id='word_1_145' title='bbox 283 2363 402 2426; x_wconf 91' lang='lat' dir='ltr'>quid</span> <span class='ocrx_word' id='word_1_146' title='bbox 430 2364 554 2421; x_wconf 79' lang='lat' dir='ltr'>hiet,</span> <span class='ocrx_word' id='word_1_147' title='bbox 580 2379 644 2408; x_wconf 90' lang='lat' dir='ltr'>ne</span> <span class='ocrx_word' id='word_1_148' title='bbox 672 2362 792 2425; x_wconf 92' lang='lat' dir='ltr'>quid</span> <span class='ocrx_word' id='word_1_149' title='bbox 819 2362 1132 2424; x_wconf 82' lang='lat' dir='ltr'>protuberet,</span> <span class='ocrx_word' id='word_1_150' title='bbox 1160 2362 1376 2424; x_wconf 81' lang='lat' dir='ltr'>angulus</span> <span class='ocrx_word' id='word_1_151' title='bbox 1403 2366 1576 2425; x_wconf 78' lang='lat' dir='ltr'>aequis</span> <span class='ocrx_word' id='word_1_152' title='bbox 1648 2363 1708 2409; x_wconf 89' lang='grc'>10</span> 
     </span>
     <span class='ocr_line' id='line_1_23' title="bbox 190 2450 1330 2514; baseline -0.002 -16"><span class='ocrx_word' id='word_1_153' title='bbox 190 2453 416 2514; x_wconf 84' lang='lat' dir='ltr'>partibus</span> <span class='ocrx_word' id='word_1_154' title='bbox 442 2459 500 2498; x_wconf 90' lang='lat' dir='ltr'>ut</span> <span class='ocrx_word' id='word_1_155' title='bbox 524 2458 686 2509; x_wconf 79' lang='lat' dir='ltr'>coeat,</span> <span class='ocrx_word' id='word_1_156' title='bbox 710 2451 781 2496; x_wconf 91' lang='lat' dir='ltr'>nil</span> <span class='ocrx_word' id='word_1_157' title='bbox 809 2457 864 2496; x_wconf 90' lang='lat' dir='ltr'>ut</span> <span class='ocrx_word' id='word_1_158' title='bbox 891 2450 1077 2497; x_wconf 84' lang='lat' dir='ltr'>deliret</span> <span class='ocrx_word' id='word_1_159' title='bbox 1102 2455 1330 2509; x_wconf 76' lang='lat' dir='ltr'>amussis,</span> 
     </span>
    </p>
   </div>
   <div class='ocr_carea' id='block_1_6' title="bbox 198 2582 1265 2708">
    <p class='ocr_par' dir='ltr' id='par_1_11' title="bbox 198 2582 1265 2708">
     <span class='ocr_line' id='line_1_24' title="bbox 627 2582 1265 2635; baseline 0 -11"><span class='ocrx_word' id='word_1_160' title='bbox 627 2583 641 2608; x_wconf 82' lang='lat'>¹</span> <span class='ocrx_word' id='word_1_161' title='bbox 671 2598 734 2635; x_wconf 77' lang='lat' dir='ltr'>cp.</span> <span class='ocrx_word' id='word_1_162' title='bbox 762 2583 868 2623; x_wconf 85' lang='lat' dir='ltr'>Hor.</span> <span class='ocrx_word' id='word_1_163' title='bbox 896 2582 990 2624; x_wconf 65' lang='lat' dir='ltr'>Sat.</span> <span class='ocrx_word' id='word_1_164' title='bbox 1015 2594 1063 2624; x_wconf 91' lang='lat'>11.</span> <span class='ocrx_word' id='word_1_165' title='bbox 1094 2584 1170 2623; x_wconf 83' lang='lat' dir='ltr'>vii.</span> <span class='ocrx_word' id='word_1_166' title='bbox 1199 2584 1265 2624; x_wconf 88' lang='lat'>86.</span> 
     </span>
     <span class='ocr_line' id='line_1_25' title="bbox 198 2664 288 2708; baseline 0 0"><span class='ocrx_word' id='word_1_167' title='bbox 198 2664 288 2708; x_wconf 84' lang='lat'>168</span> 
     </span>
    </p>
   </div>
  </div>
 </body>
</html>
