1871 3046
819 196 1178 244 AUSONIUS

241 328 335 373 hoc
362 326 710 389 praefecturae
736 327 898 386 sedes,
924 327 1019 373 hoc
1049 326 1213 390 Illyris
1240 343 1323 373 ora

307 415 537 477 praeside
562 423 615 464 te
642 423 852 479 experta
878 423 970 473 est,
999 415 1143 462 fiscus
1170 422 1223 461 et
1247 418 1354 477 ipse
1380 414 1551 462 cliens.
1696 416 1755 461 10

238 504 310 549 nil
334 507 445 550 aevi
470 506 721 553 brevitate
747 513 921 553 tamen
946 505 1040 552 tibi
1068 504 1232 551 laudis
1256 504 1555 567 ademptum
1577 522 1585 550 :

305 592 476 640 indole
502 600 744 651 maturus,
772 594 951 641 funere
979 594 1187 640 acerbus
1214 595 1336 639 obis.

493 807 967 853 XV.——P0MP0N11Js
1010 807 1249 852 MAXIMUS
1287 807 1500 852 Anmms

237 929 311 975 ET
336 936 388 976 te
414 948 714 993 germanum
739 948 841 977 non
868 935 1129 993 sanguine,
1158 931 1245 978 sed
1273 934 1381 977 vice
1407 931 1591 989 fratrisj

309 1020 548 1077 Maxime,
576 1020 878 1067 defunctum
904 1024 1055 1067 nenia
1080 1028 1251 1067 nostra
1277 1028 1439 1068 canet.

236 1114 455 1157 coniunx
481 1127 699 1173 namque
726 1127 870 1157 meae
896 1117 951 1157 tu
980 1114 1264 1157 consociate
1293 1115 1446 1157 sorori

300 1202 411 1245 aevi
438 1198 583 1261 fruge
609 1202 685 1245 tui
710 1199 947 1245 destituis
974 1199 1189 1245 viduam.

233 1305 335 1335 non
360 1289 539 1335 domus
565 1287 659 1333 hoc
684 1295 886 1335 tantum
912 1292 1070 1335 sensit
1095 1295 1211 1335 tua:
1250 1293 1409 1336 sensit
1434 1290 1671 1336 acerbum
1723 1292 1750 1335 5

300 1381 481 1435 saucia,
509 1395 613 1440 pro,
641 1393 810 1424 casum
837 1381 973 1423 curia
1000 1377 1321 1440 Burdigalae,

230 1473 283 1512 te
310 1470 527 1528 primore
553 1469 747 1529 vigens,
772 1472 825 1512 te
856 1466 1127 1512 deficiente
1153 1465 1386 1512 relabens

299 1560 453 1619 inque
481 1556 811 1603 Valentinum
836 1562 890 1602 te
915 1559 1167 1602 moriente
1195 1555 1393 1603 cadens.

231 1644 331 1691 heu
357 1661 512 1707 quare
538 1650 676 1702 nato,
701 1647 786 1707 qui
813 1643 959 1706 fruge
986 1651 1039 1691 et
1064 1644 1183 1690 flore
1208 1649 1472 1706 nepotum,

298 1741 504 1796 ereptus
530 1735 689 1791 nobis,
719 1734 957 1791 Maxime,
984 1750 1087 1780 non
1112 1733 1329 1780 frueris?
1690 1733 1750 1779 10

228 1830 308 1870 set
334 1823 529 1881 frueris,
557 1823 727 1870 divina
752 1823 951 1870 habitat
977 1827 1016 1869 si
1042 1827 1207 1886 portio
1232 1839 1406 1869 manes

297 1929 529 1976 quaeque
556 1912 727 1959 futura
751 1912 870 1959 olim
897 1912 1095 1975 gaudia,
1122 1929 1268 1959 nosse
1295 1913 1455 1959 datur.

227 2001 426 2064 longior
450 2001 533 2047 hic
560 2005 712 2048 etiam
740 2002 989 2048 laetorum
1015 2001 1209 2048 fructus
1235 2001 1522 2048 habetur—-

296 2094 600 2153 anticipasse
625 2091 729 2148 diu,
756 2108 885 2154 quae
912 2091 1062 2137 modo
1089 2094 1371 2152 participas.

431 2308 806 2355 XVI.—VER1A
856 2307 1064 2353 LlcEmA
1119 2307 1265 2353 Uxoa
1318 2308 1537 2354 ARBoml

785 2375 996 2422 Somnus
1041 2375 1166 2420 F1L11

226 2485 303 2531 Tu
328 2501 529 2548 quoque
556 2488 659 2532 sive
684 2501 838 2531 nurus
864 2484 988 2530 mihi
1015 2488 1236 2542 nomine,
1264 2485 1343 2531 vel
1369 2488 1478 2531 vice
1504 2492 1670 2542 natae,

295 2575 337 2620 V
341 2578 458 2632 eria,
485 2577 706 2637 supremi
732 2589 934 2619 carmen
959 2573 1161 2620 honoris
1188 2574 1331 2621 habe.
